2758 4864
321 394 430 506 Quum
449 427 557 492 autem
576 416 727 490 editionis
744 428 876 490 nostrae
903 417 986 489 ratio
1012 418 1057 488 ita
1083 417 1231 490 instituta
1258 431 1352 510 esset,

320 565 356 628 ut
387 553 539 628 universo
573 535 698 624 tantum
725 552 815 650 operi
850 551 965 650 plenus
992 549 1088 624 index
1133 552 1352 645 subiceretur,

321 690 377 787 qui
403 697 533 788 praeter
568 686 809 760 annotationem
840 685 885 766 ad
914 684 1084 760 Catilinam
1106 698 1144 794 et
1170 688 1353 784 lugurtham

311 811 364 926 ¹ea¹
388 823 485 897 etiam
514 822 805 920 complecteretur,
842 845 925 934 quae
961 820 1295 918 inFragmentorum
1322 827 1371 898 il·³

240 961 248 976 “
322 958 512 1033 lustratione
538 956 701 1054 disputata
729 965 860 1050 essent,
888 957 921 1028 in
949 981 988 1030 eo
1018 958 1154 1030 oonsilio
1182 939 1371 1032 etiamnum¹

322 1091 535 1192 perstandum
570 1115 755 1164 censemus,
816 1091 865 1163 Ne
894 1093 945 1164 eui
971 1092 1070 1188 igitur
1103 1093 1184 1165 haee
1211 1095 1295 1166 inter
1324 1120 1355 1168 so

249 1295 256 1306 ,
323 1251 468 1325 pugnare
486 1225 674 1318 videantur,
702 1252 780 1318 eos,
797 1224 942 1324 'quorum
969 1228 1149 1302 rationibus
1171 1252 1258 1302 nunc
1284 1254 1355 1302 oon·

324 1361 432 1434 sulere
468 1362 639 1452 constitui,
685 1361 826 1434 monitos
862 1364 965 1453 velin,
1011 1375 1046 1436 ut
1090 1364 1228 1437 indicem
1274 1366 1357 1438 huno

322 1495 546 1570 tanturmnodo
565 1496 614 1568 ad
641 1507 816 1594 tempus
836 1495 897 1570 sihi
917 1496 1027 1572 datum
1047 1499 1242 1591 existiment,
1261 1526 1371 1598 quem¹

325 1640 484 1729 seponunt
502 1655 539 1703 ae
556 1655 622 1703 non
641 1642 768 1704 exstare
785 1643 918 1730 putent,
954 1632 1009 1705 ubi
1036 1634 1187 1707 volumen
1213 1635 1354 1726 tertium,

323 1766 469 1863 pleniore
496 1765 551 1838 illo
579 1767 792 1858 instructum,
836 1767 1003 1865 prodierit.
1057 1768 1151 1852 Quod
1178 1779 1249 1867 quo‘
1271 1794 1355 1844 oom-

323 1900 453 1974 modius
477 1877 554 1992 liat,
598 1900 742 1993 suadeo,
778 1925 828 1974 ne
855 1904 928 2000 quis
954 1903 1039 1975 hano
1067 1904 1279 2002 appendicem
1309 1931 1355 1978 se·

324 2035 429 2109 eundo
464 2035 617 2108 volumini
658 2061 719 2134 per
749 2035 971 2136 bibliopegum
1007 2041 1269 2136 agglutinandam
1307 2066 1357 2114 eu-

323 2181 385 2262 ret,
429 2169 488 2243 sed
512 2195 663 2244 seorsum
690 2172 809 2245 habeat
843 2197 880 2246 ae
916 2197 976 2247 suo
1009 2185 1157 2273 tempore
1193 2187 1356 2257 anostra

264 2331 268 2338 ·
325 2297 470 2379 Sallustii
499 2305 639 2378 editione
666 2329 802 2404 prorsus
828 2319 1006 2416 removeat.
1067 2308 1200 2384 Interim
1218 2322 1256 2384 ut
1280 2313 1359 2385 haee

324 2465 423 2538 opera
448 2433 559 2513 nostra
586 2443 856 2539 quamplurimis
891 2445 1062 2517 commode
1089 2445 1238 2520 adveniat
1263 2448 1357 2520 vehe-

322 2585 451 2648 menter
469 2586 669 2671 exoptamus

259 2755 276 2814 ¹·
374 2775 573 2870 Seribeham
590 2741 713 2866 Erlrrrti
737 2781 768 2852 d.
787 2781 839 2854 Vl.
858 2782 904 2856 ld.
930 2783 1061 2856 Octobr.
1091 2819 1275 2876 uaccam,
1370 2811 1371 2838 1
