2748 4836
298 338 564 470 ennianae..
600 347 703 417 cnr.
728 306 814 420 unx.
979 436 982 456 ‚
1028 356 1074 419 ιι

44 527 82 594 nb
114 463 294 648 equitibus*
309 519 486 618 Hispanis,
505 507 508 524 ¹
526 537 612 614 quoe
644 523 681 594 iu
718 522 866 598 mucitn
884 509 1072 617 ⁴(lactabat,
1110 521 1113 530 ‘

43 662 245 736 iterfaciens
269 662 399 736 occisus
424 671 483 732 est.
534 659 622 730 Sunt
644 659 708 750 qui
726 660 775 728 lta
799 659 933 748 dicunt,
958 663 1103 756 inape-⁴4

43 823 200 914 triburin.
216 843 280 898 Piso
296 842 417 897 diversus
432 845 472 897 ot
488 841 523 896 ab
539 841 592 896 boc
610 843 711 896 norbo.
743 838 782 896 no
798 843 888 896 antem
904 835 1072 900 accusativus

43 931 199 998 expediatur,
228 930 351 996 000000,
380 931 509 1000 probante
532 928 692 996 Gerlacbio,
717 926 753 984 00
777 928 920 1010 antiptosiu
940 931 1073 1014 cenicgit,

43 1019 107 1070 onius
121 1019 189 1072 baec
206 1015 247 1070 sis
264 1014 306 1082 sit,
324 1021 354 1070 ut
371 1034 455 1070 accus.
467 1015 542 1070 nullo
559 1017 638 1085 plane
654 1029 744 1068 sensns
754 1013 905 1068 discrimine
920 1031 969 1082 pro
988 1017 1071 1071 ablat.

42 1109 155 1170 0000000,
178 1102 348 1159 alienissimis
371 1103 534 1173 pessimeque
560 1101 700 1158 intellectis
724 1101 851 1170 exemplis
873 1090 976 1167 illatis,
997 1104 1074 1157 volnt
1099 1143 1105 1164 .
1180 1160 1184 1180 φ
1276 1113 1280 1130 '

42 1191 149 1255 00101,
163 1191 190 1244 4.
214 1207 294 1258 quem
310 1191 403 1244 locum¹
421 1189 521 1258 pariter
537 1190 666 1258 corrupit,
684 1193 710 1242 et
727 1189 803 1253 aliis,
825 1187 970 1255 dequibus
993 1205 1073 1242 accu-

42 1278 113 1330 ratius
128 1278 246 1330 dicemus
262 1277 296 1329 00
313 1273 370 1348 lug.
384 1275 468 1340 exn,
481 1273 508 1328 3.
533 1273 652 1345 bangius
666 1291 731 1328 vero
747 1280 774 1328 et
790 1273 920 1330 Miilierns
942 1275 1073 1344 interpre-

43 1367 117 1416 tantur
140 1366 215 1418 tntru
234 1363 412 1432 procinctam,
438 1359 514 1430 qnasi
535 1377 598 1414 varo
614 1361 668 1414 boc
691 1361 796 1418 differet
816 1362 851 1416 ab
872 1359 987 1416 ablativo
1003 1377 1072 1432 'cum

41 1450 78 1512 in;
96 1451 145 1504 nisi
165 1451 236 1503 loeta
251 1453 368 1513 statuas,
390 1446 514 1502 Pisonem
529 1447 558 1502 in
579 1447 676 1500 fluibus
698 1447 881 1501 tantummodo
905 1455 932 1502 ct
954 1453 1071 1504 exnunc
1158 1515 1160 1521 ,
1201 1480 1206 1508 ι

42 1536 182 1603 provinciae
206 1541 285 1606 parte
306 1539 441 1590 000001οι0
463 1551 529 1589 csse.
576 1534 628 1588 llis
654 1535 734 1606 nugis
757 1530 884 1602 abiectis,
911 1536 1073 1590 continenter

42 1628 149 1676 conanae
173 1623 234 1676 Piso
257 1622 291 1676 ab
316 1623 443 1692 apsntibus
467 1620 544 1689 Hisp.
572 1619 610 1672 io
627 1623 815 1688 prouincia
842 1622 982 1674 occicus
1007 1630 1069 1686 eet,

41 1705 195 1774 iterfaciens
207 1706 232 1762 i.
250 1726 273 1763 e.
291 1708 319 1762 in
335 1708 435 1762 itincre.
471 1707 525 1776 Qui
541 1706 612 1762 enim
629 1690 893 1776 congelascerent,
910 1711 940 1765 ut
957 1707 1071 1778 „quovis

41 1795 109 1848 modo
137 1797 166 1848 in
194 1796 358 1864 prociccicsn
387 1793 599 1862 coniungentium
629 1799 746 1848 censeret
775 1811 836 1846 cum
862 1795 914 1847 iter
934 1795 1071 1862 saciene,“

42 1879 101 1934 ilem
115 1882 195 1934 ctiam
210 1881 329 1936 librariis
345 1899 438 1936 caussa
452 1878 512 1947 luit,
530 1896 578 1934 cur
593 1881 677 1938 ablat.
694 1881 722 1934 in
738 1884 852 1934 accusat
869 1887 1010 1937 mutarent.
1057 1863 1063 1884 ’
1124 1883 1127 1892 ’

101 1971 124 2034 §.
140 1967 167 2023 t.
204 1970 312 2040 dicunt]
344 1970 387 2022 Itu
411 1985 500 2028 omncs
524 1969 599 2022 codd.
624 1973 731 2036 excepto
754 1967 818 2020 Bas.
840 1966 866 2020 4.
891 1972 918 2021 at
941 1969 1023 2022 Bern.
1043 1968 1071 2023 1.

42 2053 81 2122 qni
95 2055 190 2109 babent
205 2057 306 2110 dicant.
339 2055 381 2110 lle
404 2053 547 2108 indicativo
569 2060 703 2123 postcunt
728 2055 773 2124 qui
788 2071 950 2124 magnopere
971 2054 1072 2108 dissen-

43 2142 100 2194 tinnt
122 2140 224 2205 criticit
254 2148 397 2210 utrumque
430 2142 541 2195 modum
569 2140 720 2210 emmanue
750 2141 813 2208 pani
843 2145 930 2193 censet
957 2139 1071 2206 (lortius,

43 2229 126 2296 quippo
141 2230 212 2297 apud
229 2245 309 2297 quem
330 2228 449 2297 exemplu
466 2227 556 2282 omnin
571 2226 694 2297 0010000,
710 2227 780 2282 raba
796 2226 881 2289 nibil;
905 2226 980 2287 idean
993 2229 1072 2280 sentit
1183 2299 1185 2304 Ι

42 2315 146 2385 langius
168 2317 202 2370 00
227 2315 256 2368 b.
273 2315 294 2368 l.
318 2314 471 2368 Sabellarus
491 2314 520 2369 iu
542 2315 618 2370 Obss.
642 2333 668 2383 p.
687 2313 732 2370 10.
754 2317 781 2367 ct
803 2313 833 2368 in
856 2313 919 2368 inex.
935 2314 1023 2382 Ampl.
1040 2331 1069 2365 v.

42 2418 98 2468 acer,
113 2402 248 2472 plostt.
266 2400 297 2456 Si
312 2403 395 2456 verbo
411 2419 468 2457 auen
483 2403 587 2458 nullum
603 2400 749 2458 subiectum
765 2400 883 2456 additum
900 2398 949 2466 sit,
967 2399 1071 2472 indica-

42 2489 115 2542 tivum
130 2506 239 2558 prorsus
263 2487 370 2542 damnat
386 2489 519 2544 benacus
542 2491 633 2546 Praei.
650 2489 686 2544 00
703 2489 757 2543 Cic.
774 2507 802 2558 p.
820 2489 863 2542 vl.
889 2487 1014 2542 Bromius
1035 2487 1070 2556 ad
1150 2550 1155 2569 .
1194 2485 1197 2492 '

41 2575 97 2644 Nep.
112 2577 181 2630 Mitt
194 2577 223 2630 o.
235 2575 262 2638 2.
284 2574 322 2627 io.
339 2575 373 2632 00
390 2575 448 2630 Cic.
465 2577 498 2631 de
515 2575 743 2644 etantanto.
768 2575 907 2630 accedente
923 2573 1071 2629 Goerenzio
1144 2601 1147 2614 ·

41 2663 70 2714 ad
84 2665 109 2715 b.
122 2665 141 2716 1.
158 2669 186 2718 et
203 2664 239 2716 00
254 2661 335 2715 neno.
356 2661 393 2727 11,
404 2661 449 2730 22,
467 2663 511 2718 to.
535 2664 641 2718 Pariter
663 2663 754 2718 statuit
764 2689 767 2704 .
777 2662 859 2716 etiam
881 2662 943 2716 Car.
960 2661 1071 2714 Baianus

41 2749 70 2800 00
89 2751 140 2804 (lii.
160 2751 184 2818 1,
204 2751 233 2815 2,
252 2749 279 2810 5.
303 2757 330 2803 ct
354 2751 452 2804 000000
468 2749 496 2804 in
512 2751 628 2818 lipbcm.
646 2751 710 2808 Litt.
734 2750 805 2819 bips.
824 2765 849 2802 a
867 2746 946 2801 1816.
964 2764 989 2814 p.
1006 2745 1069 2801 206.

40 2835 112 2890 libem
127 2845 218 2892 100000
233 2838 306 2890 bunc
320 2837 429 2890 0000000
444 2839 566 2906 probant,
584 2837 608 2892 si
624 2846 685 2891 aaut
699 2838 781 2888 ambo
798 2834 905 2902 aliquod
920 2834 1071 2888 subiectum

41 2923 197 2994 adiungatur,
216 2924 250 2978 00
265 2924 337 2992 quod
353 2940 496 2992 pronomen
512 2925 653 2990 referatur,
669 2924 743 2976 00101
758 2922 892 2986 nonnulli,
907 2921 993 2985 multi,
1007 2922 1070 2988 plu-

40 3012 101 3074 rimi,
117 3012 237 3080 quidum,
255 3010 283 3064 id
298 3012 369 3079 qnod
382 3010 464 3064 etiarn
474 3011 611 3079 Znunptius
627 3009 708 3064 tradit
719 3010 839 3062 Granum.
855 3008 914 3062 lant.
922 3011 947 3074 ς.
954 3006 999 3062 78.
1007 3007 1033 3060 0.
1041 3007 1070 3058 b.

39 3103 85 3149 not.
99 3098 122 3150 2.
140 3118 168 3168 p.
182 3097 247 3152 414.
265 3097 311 3165 qui
328 3103 416 3156 00000
436 3082 610 3152 indicativum
635 3097 716 3153 etiam
740 3102 800 3164 post
815 3095 926 3163 simplex
947 3101 1009 3150 suot
1024 3093 1070 3163 pai

38 3184 152 3250 admittit,
169 3186 219 3238 sed
235 3202 297 3240 cnm
313 3184 480 3255 Heusingepo
496 3187 532 3239 ad
548 3186 604 3240 cic.
622 3185 678 3238 Off.
691 3184 713 3250 1,
725 3184 770 3250 24,
783 3184 825 3238 12.
838 3184 872 3238 ati
885 3173 1071 3236 Graeciamum

38 3272 124 3340 refert,
146 3273 176 3326 io
200 3273 272 3340 qnod
296 3273 378 3332 001000
403 3272 562 3327 Gerlacbius
583 3273 618 3326 ad
634 3272 662 3324 b.
679 3273 699 3324 l.
723 3271 899 3340 amplectitur.
940 3269 993 3324 sm
1016 3267 1070 3320 bae

38 3359 170 3414 000000ιί00
192 3377 243 3414 cur
263 3376 316 3414 non
340 3360 418 3428 plana
434 3359 611 3424 satisfacient,
635 3359 703 3412 baec
720 3375 814 3413 cauam
830 3363 885 3421 est,
909 3355 979 3424 quael
995 3353 1071 3410 nulla

39 3459 121 3499 earum
144 3464 177 3500 cx
197 3446 335 3516 utriusque
352 3446 425 3501 modi
448 3452 543 3500 001000
565 3451 592 3498 et
615 3445 706 3498 indole
727 3446 822 3498 bansta
843 3445 957 3498 vinctura
999 3438 1070 3496 ludi-

39 3531 110 3585 outivi
126 3533 200 3588 enim
223 3534 293 3586 haec
315 3535 356 3590 vis
380 3539 433 3600 est,
458 3540 488 3588 ut
510 3534 589 3586 reboo
613 3532 691 3584 certia
714 3540 832 3599 quaeque
858 3547 918 3583 cere
943 3532 1003 3582 eunt
1026 3528 1071 3582 vel

39 3615 96 3670 fiunt
117 3619 294 3689 exprimendis
315 3619 457 3686 inservint3
480 3635 563 3689 qnare
585 3617 750 3674 adhibendus
772 3613 828 3684 est,
850 3616 897 3672 nbi
918 3615 1071 3686 significare

38 3703 167 3774 volumus,
198 3705 405 3774 cogitationibus
434 3705 531 3760 nostris
561 3721 650 3759 rerum
672 3705 813 3758 unitatem
840 3705 1012 3773 respondere,
1037 3717 1070 3756 ac

37 3791 132 3844 nullum
154 3793 336 3846 incertitudini
356 3798 403 3848 ant
432 3791 590 3846 dubitationi
617 3794 705 3846 locum
732 3793 855 3861 relinqui.
897 3789 1071 3845 Coniunctivo

37 3889 93 3929 veno
108 3877 283 3932 enuncientur
299 3897 350 3945 ca,
371 3896 441 3950 quaa
456 3880 617 3950 cogitatione
639 3885 740 3934 tantum
764 3878 977 3948 complectimur,
998 3875 1028 3930 b.
1046 3892 1070 3928 e.
1167 3915 1169 3930 .

36 3977 97 4028 qnae
112 3965 171 4018 lieri
187 3965 413 4034 perscribantur,
430 3983 532 4034 quaese
549 3968 664 4034 aliquem
681 3968 769 4022 iacere
784 3969 852 4020 uelle
869 3969 1071 4018 consentaneum

37 4053 78 4113 ct,
93 4056 124 4105 nt
138 4053 209 4106 adeo
225 4051 308 4107 dubia
324 4060 404 4122 atqua
420 4052 521 4108 incerta
537 4054 588 4106 siut
604 4071 689 4122 neque
712 4054 818 4116 00110100
839 4052 941 4122 possint
957 4067 1072 4119 pronun-

38 4133 103 4192 ciari.
138 4138 330 4222 Subiunctivus
346 4141 430 4213 igitur
445 4141 539 4226 modus
555 4139 724 4198 aolbibcbitur
739 4141 768 4198 in
784 4157 815 4198 ra
830 4139 920 4212 abens
935 4137 1071 4206 badanola,
