<?xml version="1.0" encoding="UTF-8"?>
<!DOCTYPE html PUBLIC "-//W3C//DTD XHTML 1.0 Transitional//EN"
    "http://www.w3.org/TR/xhtml1/DTD/xhtml1-transitional.dtd">
<html xmlns="http://www.w3.org/1999/xhtml" xml:lang="en" lang="en">
 <head>
  <title>
</title>
<meta http-equiv="Content-Type" content="text/html;charset=utf-8" />
  <meta name='ocr-system' content='tesseract 3.04.00' />
  <meta name='ocr-capabilities' content='ocr_page ocr_carea ocr_par ocr_line ocrx_word'/>
</head>
<body>
  <div class='ocr_page' id='page_1' title='image "./csallusticrispi03sallgoog_0043.png"; bbox 0 0 2732 4830; ppageno 0'>
   <div class='ocr_carea' id='block_1_1' title="bbox 319 250 1095 420">
    <p class='ocr_par' dir='ltr' id='par_1_1' title="bbox 319 250 1095 420">
     <span class='ocr_line' id='line_1_1' title="bbox 319 250 1095 420; baseline 0.019 -45"><span class='ocrx_word' id='word_1_1' title='bbox 319 311 598 420; x_wconf 81' lang='lat' dir='ltr'><strong>cnnrnrun.</strong></span> <span class='ocrx_word' id='word_1_2' title='bbox 640 305 841 383; x_wconf 60' lang='lat' dir='ltr'><strong>cursu.¹</strong></span> <span class='ocrx_word' id='word_1_3' title='bbox 907 282 909 290; x_wconf 73' lang='grc'><em>’</em></span> <span class='ocrx_word' id='word_1_4' title='bbox 955 250 964 304; x_wconf 49' lang='lat'><em>⁵</em></span> <span class='ocrx_word' id='word_1_5' title='bbox 1039 327 1095 403; x_wconf 82' lang='grc' dir='ltr'><strong>Ιιι</strong></span> 
     </span>
    </p>
   </div>
   <div class='ocr_carea' id='block_1_2' title="bbox 44 467 1248 594">
    <p class='ocr_par' dir='ltr' id='par_1_2' title="bbox 44 467 1248 594">
     <span class='ocr_line' id='line_1_2' title="bbox 44 467 1248 594; baseline 0.013 -43"><span class='ocrx_word' id='word_1_6' title='bbox 44 484 170 554; x_wconf 85' lang='lat' dir='ltr'><strong>-mutari</strong></span> <span class='ocrx_word' id='word_1_7' title='bbox 205 509 249 557; x_wconf 81' lang='lat' dir='ltr'><strong>ac</strong></span> <span class='ocrx_word' id='word_1_8' title='bbox 274 489 407 560; x_wconf 79' lang='lat' dir='ltr'>misceri</span> <span class='ocrx_word' id='word_1_9' title='bbox 435 489 548 570; x_wconf 70' lang='lat' dir='ltr'><strong>omnia</strong></span> <span class='ocrx_word' id='word_1_10' title='bbox 573 469 736 591; x_wconf 79' lang='lat' dir='ltr'><strong>cerneres.</strong></span> <span class='ocrx_word' id='word_1_11' title='bbox 794 491 883 568; x_wconf 85' lang='lat' dir='ltr'><strong>Nam</strong></span> <span class='ocrx_word' id='word_1_12' title='bbox 915 467 1134 594; x_wconf 48' lang='lat' dir='ltr'><strong>imperiosos</strong></span> <span class='ocrx_word' id='word_1_13' title='bbox 1218 470 1248 568; x_wconf 41' lang='grc' dir='ltr'><strong>,Ι</strong></span> 
     </span>
    </p>
   </div>
   <div class='ocr_carea' id='block_1_3' title="bbox 53 608 1315 734">
    <p class='ocr_par' dir='ltr' id='par_1_3' title="bbox 53 608 1315 734">
     <span class='ocr_line' id='line_1_3' title="bbox 53 608 1315 734; baseline 0.013 -44"><span class='ocrx_word' id='word_1_14' title='bbox 53 624 148 694; x_wconf 80' lang='lat' dir='ltr'><strong>facile</strong></span> <span class='ocrx_word' id='word_1_15' title='bbox 173 623 231 694; x_wconf 88' lang='lat' dir='ltr'><strong>his</strong></span> <span class='ocrx_word' id='word_1_16' title='bbox 258 628 383 697; x_wconf 81' lang='lat' dir='ltr'><strong>artibus</strong></span> <span class='ocrx_word' id='word_1_17' title='bbox 408 629 580 734; x_wconf 77' lang='lat' dir='ltr'><strong>retinetur,</strong></span> <span class='ocrx_word' id='word_1_18' title='bbox 612 629 733 718; x_wconf 88' lang='lat' dir='ltr'><strong>quibus</strong></span> <span class='ocrx_word' id='word_1_19' title='bbox 758 629 851 697; x_wconf 91' lang='lat' dir='ltr'><strong>initio</strong></span> <span class='ocrx_word' id='word_1_20' title='bbox 877 641 1012 722; x_wconf 85' lang='lat' dir='ltr'><strong>partum</strong></span> <span class='ocrx_word' id='word_1_21' title='bbox 1038 644 1117 734; x_wconf 46' lang='lat' dir='ltr'><strong>est„</strong></span> <span class='ocrx_word' id='word_1_22' title='bbox 1198 608 1221 628; x_wconf 6' lang='grc' dir='ltr'><strong>ἐκ</strong></span> <span class='ocrx_word' id='word_1_23' title='bbox 1312 610 1315 622; x_wconf 47' lang='grc'><strong>’</strong></span> 
     </span>
    </p>
   </div>
   <div class='ocr_carea' id='block_1_4' title="bbox 52 755 1127 1020">
    <p class='ocr_par' dir='ltr' id='par_1_4' title="bbox 52 755 1127 1020">
     <span class='ocr_line' id='line_1_4' title="bbox 52 755 1127 874; baseline 0.014 -44"><span class='ocrx_word' id='word_1_24' title='bbox 52 759 177 836; x_wconf 77' lang='lat' dir='ltr'><strong>Verum</strong></span> <span class='ocrx_word' id='word_1_25' title='bbox 204 765 267 834; x_wconf 89' lang='lat' dir='ltr'><strong>ubi</strong></span> <span class='ocrx_word' id='word_1_26' title='bbox 297 755 364 872; x_wconf 75' lang='lat' dir='ltr'><strong>pro</strong></span> <span class='ocrx_word' id='word_1_27' title='bbox 396 765 516 852; x_wconf 72' lang='lat' dir='ltr'><strong>labore</strong></span> <span class='ocrx_word' id='word_1_28' title='bbox 549 765 694 854; x_wconf 85' lang='lat' dir='ltr'><strong>desidia,</strong></span> <span class='ocrx_word' id='word_1_29' title='bbox 728 789 795 860; x_wconf 86' lang='lat' dir='ltr'><strong>pro</strong></span> <span class='ocrx_word' id='word_1_30' title='bbox 828 771 1127 874; x_wconf 63' lang='lat' dir='ltr'><strong>continentiajet5</strong></span> 
     </span>
     <span class='ocr_line' id='line_1_5' title="bbox 54 867 1097 1020; baseline 0.012 -55"><span class='ocrx_word' id='word_1_31' title='bbox 54 901 221 988; x_wconf 81' lang='lat' dir='ltr'><strong>aequitate</strong></span> <span class='ocrx_word' id='word_1_32' title='bbox 245 902 368 979; x_wconf 92' lang='lat' dir='ltr'><strong>lubido</strong></span> <span class='ocrx_word' id='word_1_33' title='bbox 394 913 496 994; x_wconf 85' lang='lat' dir='ltr'><strong>utque</strong></span> <span class='ocrx_word' id='word_1_34' title='bbox 522 887 679 996; x_wconf 82' lang='lat' dir='ltr'><strong>superbie</strong></span> <span class='ocrx_word' id='word_1_35' title='bbox 703 867 865 1020; x_wconf 67' lang='lat' dir='ltr'><strong>messere,</strong></span> <span class='ocrx_word' id='word_1_36' title='bbox 890 908 1026 982; x_wconf 72' lang='lat' dir='ltr'><strong>senune</strong></span> <span class='ocrx_word' id='word_1_37' title='bbox 1051 912 1097 981; x_wconf 89' lang='lat' dir='ltr'><strong>si-</strong></span> 
     </span>
    </p>
   </div>
   <div class='ocr_carea' id='block_1_5' title="bbox 42 1039 1123 1150">
    <p class='ocr_par' dir='ltr' id='par_1_5' title="bbox 42 1039 1123 1150">
     <span class='ocr_line' id='line_1_6' title="bbox 42 1039 1123 1150; baseline 0.007 -46"><span class='ocrx_word' id='word_1_38' title='bbox 42 1039 121 1150; x_wconf 76' lang='grc' dir='ltr'><strong>ἰιιιιΙ1</strong></span> <span class='ocrx_word' id='word_1_39' title='bbox 140 1061 226 1109; x_wconf 88' lang='lat' dir='ltr'><strong>oum</strong></span> <span class='ocrx_word' id='word_1_40' title='bbox 252 1041 401 1114; x_wconf 86' lang='lat' dir='ltr'><strong>moribus</strong></span> <span class='ocrx_word' id='word_1_41' title='bbox 425 1043 629 1142; x_wconf 86' lang='lat' dir='ltr'><strong>immutatur.</strong></span> <span class='ocrx_word' id='word_1_42' title='bbox 679 1043 732 1112; x_wconf 87' lang='lat' dir='ltr'><strong>lta</strong></span> <span class='ocrx_word' id='word_1_43' title='bbox 756 1043 935 1137; x_wconf 88' lang='lat' dir='ltr'><strong>imperium</strong></span> <span class='ocrx_word' id='word_1_44' title='bbox 961 1051 1123 1144; x_wconf 86' lang='lat' dir='ltr'><strong>semper6</strong></span> 
     </span>
    </p>
   </div>
   <div class='ocr_carea' id='block_1_6' title="bbox 25 1239 1200 2268">
    <p class='ocr_par' dir='ltr' id='par_1_6' title="bbox 25 1239 1200 2182">
     <span class='ocr_line' id='line_1_7' title="bbox 55 1239 1098 1316; baseline 0.014 -27"><span class='ocrx_word' id='word_1_45' title='bbox 55 1239 108 1291; x_wconf 84' lang='lat' dir='ltr'><strong>lem</strong></span> <span class='ocrx_word' id='word_1_46' title='bbox 125 1241 160 1294; x_wconf 76' lang='lat' dir='ltr'><strong>sl</strong></span> <span class='ocrx_word' id='word_1_47' title='bbox 181 1241 241 1298; x_wconf 81' lang='lat' dir='ltr'><strong>off.</strong></span> <span class='ocrx_word' id='word_1_48' title='bbox 259 1243 292 1305; x_wconf 87' lang='lat' dir='ltr'><strong>ll,</strong></span> <span class='ocrx_word' id='word_1_49' title='bbox 309 1241 335 1304; x_wconf 91' lang='grc'><strong>8,</strong></span> <span class='ocrx_word' id='word_1_50' title='bbox 352 1243 396 1296; x_wconf 86' lang='grc'><strong>29.</strong></span> <span class='ocrx_word' id='word_1_51' title='bbox 414 1247 456 1310; x_wconf 90' lang='lat' dir='ltr'><strong>et,</strong></span> <span class='ocrx_word' id='word_1_52' title='bbox 474 1242 519 1311; x_wconf 89' lang='lat' dir='ltr'><strong>qui</strong></span> <span class='ocrx_word' id='word_1_53' title='bbox 536 1241 682 1297; x_wconf 80' lang='lat' dir='ltr'>luculenter</span> <span class='ocrx_word' id='word_1_54' title='bbox 699 1245 733 1297; x_wconf 83' lang='lat' dir='ltr'><strong>de</strong></span> <span class='ocrx_word' id='word_1_55' title='bbox 753 1262 787 1300; x_wconf 84' lang='lat' dir='ltr'><strong>en</strong></span> <span class='ocrx_word' id='word_1_56' title='bbox 810 1263 841 1298; x_wconf 89' lang='lat' dir='ltr'><strong>re</strong></span> <span class='ocrx_word' id='word_1_57' title='bbox 864 1247 999 1316; x_wconf 73' lang='lat' dir='ltr'><strong>exposuit,</strong></span> <span class='ocrx_word' id='word_1_58' title='bbox 1016 1250 1098 1304; x_wconf 85' lang='lat' dir='ltr'><strong>Zum-</strong></span> 
     </span>
     <span class='ocr_line' id='line_1_8' title="bbox 54 1325 1141 1412; baseline 0.012 -34"><span class='ocrx_word' id='word_1_59' title='bbox 54 1325 147 1393; x_wconf 88' lang='lat' dir='ltr'><strong>ptium,</strong></span> <span class='ocrx_word' id='word_1_60' title='bbox 169 1327 221 1381; x_wconf 84' lang='lat' dir='ltr'><strong>Gr.</strong></span> <span class='ocrx_word' id='word_1_61' title='bbox 241 1329 299 1382; x_wconf 80' lang='lat' dir='ltr'><strong>Let.</strong></span> <span class='ocrx_word' id='word_1_62' title='bbox 317 1333 341 1394; x_wconf 86' lang='lat'><strong>6.</strong></span> <span class='ocrx_word' id='word_1_63' title='bbox 354 1327 399 1393; x_wconf 80' lang='lat'><strong>87,</strong></span> <span class='ocrx_word' id='word_1_64' title='bbox 415 1330 458 1386; x_wconf 90' lang='grc'><strong>12.</strong></span> <span class='ocrx_word' id='word_1_65' title='bbox 475 1345 500 1396; x_wconf 89' lang='lat' dir='ltr'><strong>p.</strong></span> <span class='ocrx_word' id='word_1_66' title='bbox 515 1327 575 1384; x_wconf 78' lang='grc'><strong>539.</strong></span> <span class='ocrx_word' id='word_1_67' title='bbox 592 1347 625 1383; x_wconf 85' lang='lat' dir='ltr'><strong>ee</strong></span> <span class='ocrx_word' id='word_1_68' title='bbox 643 1333 666 1397; x_wconf 82' lang='lat'><strong>6.</strong></span> <span class='ocrx_word' id='word_1_69' title='bbox 681 1331 726 1398; x_wconf 86' lang='lat'><strong>67,</strong></span> <span class='ocrx_word' id='word_1_70' title='bbox 739 1333 764 1384; x_wconf 82' lang='grc'><strong>4.</strong></span> <span class='ocrx_word' id='word_1_71' title='bbox 783 1352 809 1400; x_wconf 92' lang='lat' dir='ltr'><strong>p.</strong></span> <span class='ocrx_word' id='word_1_72' title='bbox 825 1333 887 1388; x_wconf 78' lang='grc'><strong>219.</strong></span> <span class='ocrx_word' id='word_1_73' title='bbox 927 1335 989 1393; x_wconf 82' lang='lat' dir='ltr'><strong>Vim</strong></span> <span class='ocrx_word' id='word_1_74' title='bbox 1006 1337 1098 1406; x_wconf 79' lang='lat' dir='ltr'><strong>quodsi</strong></span> <span class='ocrx_word' id='word_1_75' title='bbox 1135 1399 1141 1412; x_wconf 41' lang='lat'><strong>,</strong></span> 
     </span>
     <span class='ocr_line' id='line_1_9' title="bbox 55 1413 1200 1488; baseline 0.008 -21"><span class='ocrx_word' id='word_1_76' title='bbox 55 1413 195 1480; x_wconf 72' lang='lat' dir='ltr'><strong>particulae</strong></span> <span class='ocrx_word' id='word_1_77' title='bbox 220 1413 251 1468; x_wconf 89' lang='lat' dir='ltr'><strong>in</strong></span> <span class='ocrx_word' id='word_1_78' title='bbox 272 1417 405 1469; x_wconf 70' lang='lat' dir='ltr'><strong>nectendis</strong></span> <span class='ocrx_word' id='word_1_79' title='bbox 430 1416 565 1470; x_wconf 78' lang='lat' dir='ltr'><strong>sententiis</strong></span> <span class='ocrx_word' id='word_1_80' title='bbox 586 1417 668 1470; x_wconf 84' lang='lat' dir='ltr'><strong>etium</strong></span> <span class='ocrx_word' id='word_1_81' title='bbox 691 1427 843 1488; x_wconf 75' lang='lat' dir='ltr'><strong>assequutus</strong></span> <span class='ocrx_word' id='word_1_82' title='bbox 866 1425 906 1474; x_wconf 84' lang='lat' dir='ltr'><strong>est</strong></span> <span class='ocrx_word' id='word_1_83' title='bbox 922 1421 1046 1475; x_wconf 79' lang='lat' dir='ltr'><strong>Bromius</strong></span> <span class='ocrx_word' id='word_1_84' title='bbox 1063 1425 1097 1476; x_wconf 85' lang='lat' dir='ltr'><strong>ed</strong></span> <span class='ocrx_word' id='word_1_85' title='bbox 1196 1481 1200 1485; x_wconf 62' lang='grc'><strong>,</strong></span> 
     </span>
     <span class='ocr_line' id='line_1_10' title="bbox 54 1491 1096 1575; baseline 0.012 -23"><span class='ocrx_word' id='word_1_86' title='bbox 54 1500 112 1568; x_wconf 76' lang='lat' dir='ltr'><strong>Nep.</strong></span> <span class='ocrx_word' id='word_1_87' title='bbox 129 1501 254 1556; x_wconf 82' lang='lat' dir='ltr'><strong>llunuib.</strong></span> <span class='ocrx_word' id='word_1_88' title='bbox 272 1503 296 1572; x_wconf 87' lang='grc' dir='ltr'><strong>Ι,</strong></span> <span class='ocrx_word' id='word_1_89' title='bbox 311 1501 337 1554; x_wconf 86' lang='lat'><strong>2.</strong></span> <span class='ocrx_word' id='word_1_90' title='bbox 358 1504 425 1556; x_wconf 81' lang='lat' dir='ltr'><strong>telso</strong></span> <span class='ocrx_word' id='word_1_91' title='bbox 442 1491 531 1562; x_wconf 74' lang='lat' dir='ltr'><strong>tuuien</strong></span> <span class='ocrx_word' id='word_1_92' title='bbox 548 1504 682 1572; x_wconf 76' lang='lat' dir='ltr'><strong>precipuo</strong></span> <span class='ocrx_word' id='word_1_93' title='bbox 699 1507 851 1560; x_wconf 79' lang='lat' dir='ltr'><strong>eccusetivo</strong></span> <span class='ocrx_word' id='word_1_94' title='bbox 868 1511 1028 1575; x_wconf 78' lang='lat' dir='ltr'><strong>pronominis</strong></span> <span class='ocrx_word' id='word_1_95' title='bbox 1043 1503 1096 1566; x_wconf 82' lang='lat' dir='ltr'><strong>lm-</strong></span> 
     </span>
     <span class='ocr_line' id='line_1_11' title="bbox 56 1587 1095 1662; baseline 0.007 -21"><span class='ocrx_word' id='word_1_96' title='bbox 56 1587 120 1653; x_wconf 74' lang='lat' dir='ltr'><strong>lens,</strong></span> <span class='ocrx_word' id='word_1_97' title='bbox 138 1589 186 1658; x_wconf 86' lang='lat' dir='ltr'><strong>qui</strong></span> <span class='ocrx_word' id='word_1_98' title='bbox 198 1645 199 1648; x_wconf 60' lang='grc'><strong>,</strong></span> <span class='ocrx_word' id='word_1_99' title='bbox 213 1589 250 1642; x_wconf 79' lang='lat' dir='ltr'><strong>uir</strong></span> <span class='ocrx_word' id='word_1_100' title='bbox 268 1589 366 1642; x_wconf 81' lang='lat' dir='ltr'><strong>omisso</strong></span> <span class='ocrx_word' id='word_1_101' title='bbox 381 1597 488 1660; x_wconf 77' lang='lat' dir='ltr'><strong>propter</strong></span> <span class='ocrx_word' id='word_1_102' title='bbox 503 1591 622 1659; x_wconf 75' lang='lat' dir='ltr'><strong>pendent.</strong></span> <span class='ocrx_word' id='word_1_103' title='bbox 645 1621 678 1630; x_wconf 94' lang='lat'>-</span> <span class='ocrx_word' id='word_1_104' title='bbox 701 1593 892 1662; x_wconf 79' lang='lat' dir='ltr'><strong>Imperatorum</strong></span> <span class='ocrx_word' id='word_1_105' title='bbox 909 1611 960 1646; x_wconf 93' lang='lat' dir='ltr'><strong>non</strong></span> <span class='ocrx_word' id='word_1_106' title='bbox 977 1599 1016 1646; x_wconf 90' lang='lat' dir='ltr'><strong>est</strong></span> <span class='ocrx_word' id='word_1_107' title='bbox 1032 1593 1049 1647; x_wconf 93' lang='lat' dir='ltr'><strong>i.</strong></span> <span class='ocrx_word' id='word_1_108' title='bbox 1069 1612 1095 1662; x_wconf 88' lang='lat' dir='ltr'><strong>q.</strong></span> 
     </span>
     <span class='ocr_line' id='line_1_12' title="bbox 25 1675 1152 1748; baseline 0.007 -22"><span class='ocrx_word' id='word_1_109' title='bbox 25 1697 26 1700; x_wconf 41' lang='lat'>¹</span> <span class='ocrx_word' id='word_1_110' title='bbox 55 1676 140 1728; x_wconf 80' lang='lat' dir='ltr'><strong>lucum</strong></span> <span class='ocrx_word' id='word_1_111' title='bbox 157 1678 232 1740; x_wconf 77' lang='lat' dir='ltr'><strong>belli,</strong></span> <span class='ocrx_word' id='word_1_112' title='bbox 246 1677 292 1728; x_wconf 74' lang='lat' dir='ltr'><strong>secl</strong></span> <span class='ocrx_word' id='word_1_113' title='bbox 308 1675 405 1732; x_wconf 81' lang='lat' dir='ltr'><strong>letior-e</strong></span> <span class='ocrx_word' id='word_1_114' title='bbox 421 1675 499 1731; x_wconf 83' lang='lat' dir='ltr'><strong>sensu</strong></span> <span class='ocrx_word' id='word_1_115' title='bbox 517 1677 775 1746; x_wconf 82' lang='lat' dir='ltr'><strong>comprehenduntur</strong></span> <span class='ocrx_word' id='word_1_116' title='bbox 789 1681 842 1733; x_wconf 90' lang='lat' dir='ltr'><strong>hoe</strong></span> <span class='ocrx_word' id='word_1_117' title='bbox 858 1681 988 1734; x_wconf 81' lang='lat' dir='ltr'><strong>vocabulo</strong></span> <span class='ocrx_word' id='word_1_118' title='bbox 1006 1698 1096 1734; x_wconf 84' lang='lat' dir='ltr'><strong>omues</strong></span> <span class='ocrx_word' id='word_1_119' title='bbox 1149 1740 1152 1748; x_wconf 45' lang='grc'><strong>,</strong></span> 
     </span>
     <span class='ocr_line' id='line_1_13' title="bbox 55 1761 1095 1848; baseline 0.007 -34"><span class='ocrx_word' id='word_1_120' title='bbox 55 1761 86 1826; x_wconf 92' lang='lat' dir='ltr'><strong>ii,</strong></span> <span class='ocrx_word' id='word_1_121' title='bbox 106 1763 150 1831; x_wconf 86' lang='lat' dir='ltr'><strong>qui</strong></span> <span class='ocrx_word' id='word_1_122' title='bbox 167 1763 325 1820; x_wconf 71' lang='lat' dir='ltr'><strong>civitatibus</strong></span> <span class='ocrx_word' id='word_1_123' title='bbox 342 1765 477 1831; x_wconf 73' lang='lat' dir='ltr'><strong>praesunt.¹</strong></span> <span class='ocrx_word' id='word_1_124' title='bbox 500 1765 537 1819; x_wconf 84' lang='lat' dir='ltr'><strong>ci.</strong></span> <span class='ocrx_word' id='word_1_125' title='bbox 554 1765 612 1818; x_wconf 85' lang='lat' dir='ltr'><strong>cat.</strong></span> <span class='ocrx_word' id='word_1_126' title='bbox 633 1765 674 1832; x_wconf 81' lang='lat' dir='ltr'><strong>vl,</strong></span> <span class='ocrx_word' id='word_1_127' title='bbox 691 1767 718 1822; x_wconf 98' lang='lat'><strong>7.</strong></span> <span class='ocrx_word' id='word_1_128' title='bbox 736 1785 826 1831; x_wconf 77' lang='lat' dir='ltr'><strong>annuo</strong></span> <span class='ocrx_word' id='word_1_129' title='bbox 843 1769 1095 1848; x_wconf 64' lang='lat' dir='ltr'><strong>imperiohioos-</strong></span> 
     </span>
     <span class='ocr_line' id='line_1_14' title="bbox 56 1851 1095 1922; baseline 0.005 -20"><span class='ocrx_word' id='word_1_130' title='bbox 56 1867 98 1918; x_wconf 80' lang='lat' dir='ltr'><strong>pne</strong></span> <span class='ocrx_word' id='word_1_131' title='bbox 114 1869 155 1903; x_wconf 82' lang='lat' dir='ltr'><strong>ror</strong></span> <span class='ocrx_word' id='word_1_132' title='bbox 161 1859 353 1920; x_wconf 74' lang='lat' dir='ltr'><strong>potatores</strong></span> <span class='ocrx_word' id='word_1_133' title='bbox 372 1851 413 1920; x_wconf 80' lang='grc' dir='ltr'><strong>(ι’</strong></span> <span class='ocrx_word' id='word_1_134' title='bbox 421 1870 443 1904; x_wconf 81' lang='lat' dir='ltr'><strong>e.</strong></span> <span class='ocrx_word' id='word_1_135' title='bbox 458 1853 588 1921; x_wconf 83' lang='lat' dir='ltr'><strong>consoles)</strong></span> <span class='ocrx_word' id='word_1_136' title='bbox 605 1853 655 1906; x_wconf 81' lang='lat' dir='ltr'><strong>sili</strong></span> <span class='ocrx_word' id='word_1_137' title='bbox 665 1858 773 1920; x_wconf 69' lang='lat' dir='ltr'><strong>secem</strong></span> <span class='ocrx_word' id='word_1_138' title='bbox 790 1871 873 1922; x_wconf 83' lang='lat' dir='ltr'><strong>quare</strong></span> <span class='ocrx_word' id='word_1_139' title='bbox 890 1852 971 1906; x_wconf 86' lang='lat' dir='ltr'><strong>etiem</strong></span> <span class='ocrx_word' id='word_1_140' title='bbox 988 1853 1095 1908; x_wconf 83' lang='lat' dir='ltr'><strong>unimus</strong></span> 
     </span>
     <span class='ocr_line' id='line_1_15' title="bbox 57 1935 1097 2018; baseline 0.004 -28"><span class='ocrx_word' id='word_1_141' title='bbox 57 1939 174 1992; x_wconf 76' lang='lat' dir='ltr'><strong>translate</strong></span> <span class='ocrx_word' id='word_1_142' title='bbox 191 1935 266 1991; x_wconf 76' lang='lat' dir='ltr'><strong>vitoe</strong></span> <span class='ocrx_word' id='word_1_143' title='bbox 283 1938 425 2018; x_wconf 78' lang='lat' dir='ltr'><strong>imperator</strong></span> <span class='ocrx_word' id='word_1_144' title='bbox 443 1937 540 1992; x_wconf 85' lang='lat' dir='ltr'><strong>dicitur</strong></span> <span class='ocrx_word' id='word_1_145' title='bbox 556 1940 615 2008; x_wconf 78' lang='lat' dir='ltr'><strong>lug.</strong></span> <span class='ocrx_word' id='word_1_146' title='bbox 631 1940 654 2004; x_wconf 84' lang='lat'><strong>1,</strong></span> <span class='ocrx_word' id='word_1_147' title='bbox 670 1939 697 1994; x_wconf 78' lang='grc'><strong>3</strong></span> <span class='ocrx_word' id='word_1_148' title='bbox 715 1938 866 2008; x_wconf 82' lang='lat' dir='ltr'><strong>Herzogius</strong></span> <span class='ocrx_word' id='word_1_149' title='bbox 884 1949 973 1992; x_wconf 79' lang='lat' dir='ltr'><strong>tamen</strong></span> <span class='ocrx_word' id='word_1_150' title='bbox 989 1941 1097 2009; x_wconf 85' lang='lat' dir='ltr'><strong>proprie</strong></span> 
     </span>
     <span class='ocr_line' id='line_1_16' title="bbox 57 2013 1096 2107; baseline 0.004 -31"><span class='ocrx_word' id='word_1_151' title='bbox 57 2025 214 2079; x_wconf 81' lang='lat' dir='ltr'><strong>exercituum</strong></span> <span class='ocrx_word' id='word_1_152' title='bbox 237 2025 319 2078; x_wconf 82' lang='lat' dir='ltr'><strong>(luces</strong></span> <span class='ocrx_word' id='word_1_153' title='bbox 335 2013 477 2096; x_wconf 81' lang='lat' dir='ltr'><strong>intelligit,</strong></span> <span class='ocrx_word' id='word_1_154' title='bbox 498 2032 608 2107; x_wconf 78' lang='lat' dir='ltr'><strong>propter</strong></span> <span class='ocrx_word' id='word_1_155' title='bbox 624 2015 894 2082; x_wconf 66' lang='lat' dir='ltr'><strong>mercenariorum</strong></span> <span class='ocrx_word' id='word_1_156' title='bbox 910 2032 937 2082; x_wconf 91' lang='lat' dir='ltr'><strong>ct</strong></span> <span class='ocrx_word' id='word_1_157' title='bbox 953 2026 1096 2081; x_wconf 72' lang='lat' dir='ltr'><strong>Auenien-</strong></span> 
     </span>
     <span class='ocr_line' id='line_1_17' title="bbox 58 2109 608 2182; baseline -0.002 -17"><span class='ocrx_word' id='word_1_158' title='bbox 58 2110 119 2166; x_wconf 85' lang='lat' dir='ltr'><strong>sium</strong></span> <span class='ocrx_word' id='word_1_159' title='bbox 133 2113 229 2182; x_wconf 88' lang='lat' dir='ltr'><strong>peullo</strong></span> <span class='ocrx_word' id='word_1_160' title='bbox 245 2117 308 2165; x_wconf 86' lang='lat' dir='ltr'><strong>unte</strong></span> <span class='ocrx_word' id='word_1_161' title='bbox 324 2109 423 2164; x_wconf 80' lang='lat' dir='ltr'><strong>fuctum</strong></span> <span class='ocrx_word' id='word_1_162' title='bbox 439 2111 608 2166; x_wconf 84' lang='lat' dir='ltr'><strong>mentionem.</strong></span> 
     </span>
    </p>

    <p class='ocr_par' dir='ltr' id='par_1_7' title="bbox 119 2193 1127 2268">
     <span class='ocr_line' id='line_1_18' title="bbox 119 2193 1127 2268; baseline 0.004 -18"><span class='ocrx_word' id='word_1_163' title='bbox 119 2203 143 2264; x_wconf 90' lang='lat'><strong>6.</strong></span> <span class='ocrx_word' id='word_1_164' title='bbox 160 2197 187 2262; x_wconf 79' lang='grc'><strong>4,</strong></span> <span class='ocrx_word' id='word_1_165' title='bbox 224 2197 267 2251; x_wconf 76' lang='lat' dir='ltr'><strong>his</strong></span> <span class='ocrx_word' id='word_1_166' title='bbox 287 2199 355 2258; x_wconf 79' lang='lat' dir='ltr'><strong>crtib</strong></span> <span class='ocrx_word' id='word_1_167' title='bbox 341 2199 403 2268; x_wconf 79' lang='lat' dir='ltr'><strong>bos]</strong></span> <span class='ocrx_word' id='word_1_168' title='bbox 435 2197 597 2262; x_wconf 66' lang='lat' dir='ltr'><strong>incertius</strong></span> <span class='ocrx_word' id='word_1_169' title='bbox 619 2197 722 2266; x_wconf 79' lang='lat' dir='ltr'><strong>primur</strong></span> <span class='ocrx_word' id='word_1_170' title='bbox 743 2213 776 2250; x_wconf 86' lang='lat' dir='ltr'><strong>ex</strong></span> <span class='ocrx_word' id='word_1_171' title='bbox 799 2194 874 2250; x_wconf 79' lang='lat' dir='ltr'><strong>cedd</strong></span> <span class='ocrx_word' id='word_1_172' title='bbox 891 2193 1025 2266; x_wconf 82' lang='lat' dir='ltr'><strong>rescripsit</strong></span> <span class='ocrx_word' id='word_1_173' title='bbox 1047 2215 1096 2268; x_wconf 90' lang='lat' dir='ltr'><strong>pro</strong></span> <span class='ocrx_word' id='word_1_174' title='bbox 1125 2217 1127 2220; x_wconf 89' lang='lat'>·</span> 
     </span>
    </p>
   </div>
   <div class='ocr_carea' id='block_1_7' title="bbox 58 2282 1203 2352">
    <p class='ocr_par' dir='ltr' id='par_1_8' title="bbox 58 2282 1203 2352">
     <span class='ocr_line' id='line_1_19' title="bbox 58 2282 1203 2352; baseline 0.004 -16"><span class='ocrx_word' id='word_1_175' title='bbox 58 2282 87 2336; x_wconf 86' lang='lat' dir='ltr'><strong>iis</strong></span> <span class='ocrx_word' id='word_1_176' title='bbox 101 2287 218 2351; x_wconf 77' lang='lat' dir='ltr'><strong>ortibus,</strong></span> <span class='ocrx_word' id='word_1_177' title='bbox 240 2285 347 2352; x_wconf 84' lang='lat' dir='ltr'><strong>qued</strong></span> <span class='ocrx_word' id='word_1_178' title='bbox 338 2303 367 2340; x_wconf 90' lang='grc' dir='ltr'><strong>ιιι</strong></span> <span class='ocrx_word' id='word_1_179' title='bbox 392 2288 451 2342; x_wconf 80' lang='lat' dir='ltr'><strong>edd.</strong></span> <span class='ocrx_word' id='word_1_180' title='bbox 470 2291 542 2352; x_wconf 80' lang='lat' dir='ltr'><strong>emt,</strong></span> <span class='ocrx_word' id='word_1_181' title='bbox 567 2290 593 2339; x_wconf 87' lang='lat' dir='ltr'><strong>et</strong></span> <span class='ocrx_word' id='word_1_182' title='bbox 611 2302 705 2348; x_wconf 84' lang='lat' dir='ltr'><strong>verum</strong></span> <span class='ocrx_word' id='word_1_183' title='bbox 722 2283 807 2336; x_wconf 83' lang='lat' dir='ltr'><strong>videri</strong></span> <span class='ocrx_word' id='word_1_184' title='bbox 824 2287 945 2352; x_wconf 84' lang='lat' dir='ltr'><strong>poteret,</strong></span> <span class='ocrx_word' id='word_1_185' title='bbox 970 2287 1097 2342; x_wconf 82' lang='lat' dir='ltr'><strong>sententie</strong></span> <span class='ocrx_word' id='word_1_186' title='bbox 1198 2335 1203 2348; x_wconf 77' lang='grc'><strong>,</strong></span> 
     </span>
    </p>
   </div>
   <div class='ocr_carea' id='block_1_8' title="bbox 46 2369 1212 3484">
    <p class='ocr_par' dir='ltr' id='par_1_9' title="bbox 46 2369 1212 3484">
     <span class='ocr_line' id='line_1_20' title="bbox 60 2369 1097 2443; baseline 0.004 -21"><span class='ocrx_word' id='word_1_187' title='bbox 60 2369 185 2426; x_wconf 82' lang='lat' dir='ltr'><strong>indefinite</strong></span> <span class='ocrx_word' id='word_1_188' title='bbox 208 2375 360 2442; x_wconf 79' lang='lat' dir='ltr'><strong>proposito,</strong></span> <span class='ocrx_word' id='word_1_189' title='bbox 384 2373 540 2440; x_wconf 74' lang='lat' dir='ltr'><strong>praesertim</strong></span> <span class='ocrx_word' id='word_1_190' title='bbox 563 2389 645 2439; x_wconf 86' lang='lat' dir='ltr'><strong>quum</strong></span> <span class='ocrx_word' id='word_1_191' title='bbox 668 2372 714 2424; x_wconf 85' lang='lat' dir='ltr'><strong>Fr.</strong></span> <span class='ocrx_word' id='word_1_192' title='bbox 738 2372 808 2443; x_wconf 67' lang='lat' dir='ltr'><strong>ring.</strong></span> <span class='ocrx_word' id='word_1_193' title='bbox 835 2369 990 2424; x_wconf 85' lang='lat' dir='ltr'><strong>Wolfius</strong></span> <span class='ocrx_word' id='word_1_194' title='bbox 965 2388 993 2422; x_wconf 91' lang='grc' dir='ltr'><strong>ιιι</strong></span> <span class='ocrx_word' id='word_1_195' title='bbox 1010 2373 1097 2426; x_wconf 85' lang='lat' dir='ltr'><strong>Anell.</strong></span> 
     </span>
     <span class='ocr_line' id='line_1_21' title="bbox 46 2448 1096 2530; baseline 0.004 -20"><span class='ocrx_word' id='word_1_196' title='bbox 46 2449 113 2514; x_wconf 75' lang='lat' dir='ltr'><strong>‘litu</strong></span> <span class='ocrx_word' id='word_1_197' title='bbox 129 2461 150 2526; x_wconf 90' lang='grc' dir='ltr'><strong>Ι,</strong></span> <span class='ocrx_word' id='word_1_198' title='bbox 167 2459 194 2514; x_wconf 82' lang='grc'><strong>2.</strong></span> <span class='ocrx_word' id='word_1_199' title='bbox 220 2478 248 2528; x_wconf 90' lang='lat' dir='ltr'><strong>p.</strong></span> <span class='ocrx_word' id='word_1_200' title='bbox 263 2460 324 2514; x_wconf 90' lang='grc'><strong>289.</strong></span> <span class='ocrx_word' id='word_1_201' title='bbox 349 2461 382 2512; x_wconf 86' lang='lat' dir='ltr'><strong>de</strong></span> <span class='ocrx_word' id='word_1_202' title='bbox 405 2459 536 2528; x_wconf 74' lang='lat' dir='ltr'><strong>frequenti</strong></span> <span class='ocrx_word' id='word_1_203' title='bbox 560 2461 659 2511; x_wconf 90' lang='lat' dir='ltr'><strong>horum</strong></span> <span class='ocrx_word' id='word_1_204' title='bbox 682 2458 870 2530; x_wconf 83' lang='lat' dir='ltr'><strong>pronominum</strong></span> <span class='ocrx_word' id='word_1_205' title='bbox 893 2448 1096 2528; x_wconf 74' lang='lat' dir='ltr'><strong>permutatione,</strong></span> 
     </span>
     <span class='ocr_line' id='line_1_22' title="bbox 60 2537 1097 2624; baseline 0.006 -26"><span class='ocrx_word' id='word_1_206' title='bbox 60 2549 242 2601; x_wconf 81' lang='lat' dir='ltr'><strong>monachorum</strong></span> <span class='ocrx_word' id='word_1_207' title='bbox 264 2546 417 2624; x_wconf 76' lang='lat' dir='ltr'><strong>ignprentie</strong></span> <span class='ocrx_word' id='word_1_208' title='bbox 434 2552 507 2612; x_wconf 85' lang='lat' dir='ltr'><strong>orte,</strong></span> <span class='ocrx_word' id='word_1_209' title='bbox 531 2540 671 2598; x_wconf 85' lang='lat' dir='ltr'><strong>monuerit.</strong></span> <span class='ocrx_word' id='word_1_210' title='bbox 708 2537 761 2596; x_wconf 82' lang='lat' dir='ltr'><strong>Sed</strong></span> <span class='ocrx_word' id='word_1_211' title='bbox 778 2542 806 2596; x_wconf 86' lang='lat' dir='ltr'><strong>in</strong></span> <span class='ocrx_word' id='word_1_212' title='bbox 823 2543 866 2598; x_wconf 88' lang='lat' dir='ltr'><strong>his</strong></span> <span class='ocrx_word' id='word_1_213' title='bbox 882 2546 1028 2602; x_wconf 78' lang='lat' dir='ltr'><strong>iudirnudis</strong></span> <span class='ocrx_word' id='word_1_214' title='bbox 1045 2568 1097 2604; x_wconf 90' lang='lat' dir='ltr'><strong>nou</strong></span> 
     </span>
     <span class='ocr_line' id='line_1_23' title="bbox 59 2627 1207 2706; baseline 0.005 -22"><span class='ocrx_word' id='word_1_215' title='bbox 59 2636 241 2706; x_wconf 82' lang='lat' dir='ltr'><strong>negligendum</strong></span> <span class='ocrx_word' id='word_1_216' title='bbox 251 2639 299 2701; x_wconf 88' lang='lat' dir='ltr'><strong>est,</strong></span> <span class='ocrx_word' id='word_1_217' title='bbox 307 2634 375 2700; x_wconf 86' lang='lat' dir='ltr'><strong>quod</strong></span> <span class='ocrx_word' id='word_1_218' title='bbox 382 2632 533 2686; x_wconf 79' lang='lat' dir='ltr'><strong>Priscianus</strong></span> <span class='ocrx_word' id='word_1_219' title='bbox 541 2627 621 2696; x_wconf 80' lang='lat' dir='ltr'><strong>xvlt</strong></span> <span class='ocrx_word' id='word_1_220' title='bbox 631 2630 657 2698; x_wconf 92' lang='grc'><strong>9,</strong></span> <span class='ocrx_word' id='word_1_221' title='bbox 664 2629 707 2684; x_wconf 82' lang='lat'><strong>58.</strong></span> <span class='ocrx_word' id='word_1_222' title='bbox 719 2630 861 2706; x_wconf 76' lang='lat' dir='ltr'><strong>praecipit:</strong></span> <span class='ocrx_word' id='word_1_223' title='bbox 876 2633 931 2686; x_wconf 80' lang='lat' dir='ltr'><strong>irie</strong></span> <span class='ocrx_word' id='word_1_224' title='bbox 949 2653 1001 2688; x_wconf 86' lang='lat' dir='ltr'><strong>noo</strong></span> <span class='ocrx_word' id='word_1_225' title='bbox 1015 2639 1097 2690; x_wconf 83' lang='lat' dir='ltr'><strong>solum</strong></span> <span class='ocrx_word' id='word_1_226' title='bbox 1204 2653 1207 2660; x_wconf 88' lang='lat'>·</span> 
     </span>
     <span class='ocr_line' id='line_1_24' title="bbox 61 2714 1097 2794; baseline 0.005 -21"><span class='ocrx_word' id='word_1_227' title='bbox 61 2721 88 2773; x_wconf 82' lang='lat' dir='ltr'><strong>de</strong></span> <span class='ocrx_word' id='word_1_228' title='bbox 101 2729 261 2794; x_wconf 78' lang='lat' dir='ltr'><strong>praesento,</strong></span> <span class='ocrx_word' id='word_1_229' title='bbox 277 2737 369 2776; x_wconf 80' lang='lat' dir='ltr'><strong>uerum</strong></span> <span class='ocrx_word' id='word_1_230' title='bbox 387 2721 468 2774; x_wconf 79' lang='lat' dir='ltr'><strong>etiarn</strong></span> <span class='ocrx_word' id='word_1_231' title='bbox 491 2714 523 2772; x_wconf 79' lang='lat' dir='ltr'><strong>rie</strong></span> <span class='ocrx_word' id='word_1_232' title='bbox 542 2719 647 2772; x_wconf 82' lang='lat' dir='ltr'><strong>absente</strong></span> <span class='ocrx_word' id='word_1_233' title='bbox 664 2735 798 2786; x_wconf 82' lang='lat' dir='ltr'><strong>possumus</strong></span> <span class='ocrx_word' id='word_1_234' title='bbox 816 2719 916 2784; x_wconf 78' lang='lat' dir='ltr'><strong>dicere,</strong></span> <span class='ocrx_word' id='word_1_235' title='bbox 941 2723 979 2774; x_wconf 82' lang='lat' dir='ltr'><strong>cd</strong></span> <span class='ocrx_word' id='word_1_236' title='bbox 996 2721 1097 2778; x_wconf 80' lang='lat' dir='ltr'><strong>intelte-</strong></span> 
     </span>
     <span class='ocr_line' id='line_1_25' title="bbox 60 2803 1098 2884; baseline 0.006 -25"><span class='ocrx_word' id='word_1_237' title='bbox 60 2815 120 2860; x_wconf 83' lang='lat' dir='ltr'><strong>ctum</strong></span> <span class='ocrx_word' id='word_1_238' title='bbox 135 2813 303 2876; x_wconf 75' lang='lat' dir='ltr'><strong>referentes</strong></span> <span class='ocrx_word' id='word_1_239' title='bbox 298 2807 569 2884; x_wconf 77' lang='lat' dir='ltr'><strong>demonstrationem.</strong></span> <span class='ocrx_word' id='word_1_240' title='bbox 600 2803 735 2871; x_wconf 82' lang='lat' dir='ltr'><strong>Siquid</strong></span> <span class='ocrx_word' id='word_1_241' title='bbox 726 2805 827 2874; x_wconf 77' lang='lat' dir='ltr'><strong>igitur</strong></span> <span class='ocrx_word' id='word_1_242' title='bbox 832 2823 884 2859; x_wconf 91' lang='lat' dir='ltr'><strong>non</strong></span> <span class='ocrx_word' id='word_1_243' title='bbox 901 2823 1008 2873; x_wconf 86' lang='lat' dir='ltr'><strong>prorsus</strong></span> <span class='ocrx_word' id='word_1_244' title='bbox 1026 2829 1098 2882; x_wconf 79' lang='lat' dir='ltr'><strong>vagu</strong></span> 
     </span>
     <span class='ocr_line' id='line_1_26' title="bbox 60 2891 1153 2966; baseline -0.004 -20"><span class='ocrx_word' id='word_1_245' title='bbox 60 2895 155 2948; x_wconf 81' lang='lat' dir='ltr'><strong>ustione</strong></span> <span class='ocrx_word' id='word_1_246' title='bbox 170 2892 360 2960; x_wconf 85' lang='lat' dir='ltr'><strong>indefiniteque</strong></span> <span class='ocrx_word' id='word_1_247' title='bbox 385 2899 424 2945; x_wconf 89' lang='lat' dir='ltr'><strong>est</strong></span> <span class='ocrx_word' id='word_1_248' title='bbox 442 2892 628 2958; x_wconf 86' lang='lat' dir='ltr'><strong>enunciutum,</strong></span> <span class='ocrx_word' id='word_1_249' title='bbox 650 2891 695 2944; x_wconf 78' lang='lat' dir='ltr'><strong>sed</strong></span> <span class='ocrx_word' id='word_1_250' title='bbox 712 2892 824 2960; x_wconf 81' lang='lat' dir='ltr'><strong>alique,</strong></span> <span class='ocrx_word' id='word_1_251' title='bbox 841 2893 890 2946; x_wconf 88' lang='lat' dir='ltr'><strong>etsi</strong></span> <span class='ocrx_word' id='word_1_252' title='bbox 907 2894 989 2959; x_wconf 86' lang='lat' dir='ltr'><strong>levi,</strong></span> <span class='ocrx_word' id='word_1_253' title='bbox 986 2895 1097 2966; x_wconf 80' lang='lat' dir='ltr'><strong>signiti-</strong></span> <span class='ocrx_word' id='word_1_254' title='bbox 1151 2932 1153 2942; x_wconf 73' lang='grc'><strong>.</strong></span> 
     </span>
     <span class='ocr_line' id='line_1_27' title="bbox 61 2979 1097 3050; baseline 0.006 -16"><span class='ocrx_word' id='word_1_255' title='bbox 61 2982 153 3036; x_wconf 77' lang='lat' dir='ltr'><strong>cutione</strong></span> <span class='ocrx_word' id='word_1_256' title='bbox 170 2983 353 3045; x_wconf 77' lang='lat' dir='ltr'><strong>declaratum,</strong></span> <span class='ocrx_word' id='word_1_257' title='bbox 380 2979 435 3046; x_wconf 80' lang='lat' dir='ltr'><strong>itu,</strong></span> <span class='ocrx_word' id='word_1_258' title='bbox 461 2985 491 3035; x_wconf 86' lang='lat' dir='ltr'><strong>ut</strong></span> <span class='ocrx_word' id='word_1_259' title='bbox 508 2979 584 3046; x_wconf 86' lang='lat' dir='ltr'><strong>quusi</strong></span> <span class='ocrx_word' id='word_1_260' title='bbox 601 2995 723 3046; x_wconf 80' lang='lat' dir='ltr'><strong>praeseus</strong></span> <span class='ocrx_word' id='word_1_261' title='bbox 746 2980 844 3035; x_wconf 87' lang='lat' dir='ltr'><strong>intueri</strong></span> <span class='ocrx_word' id='word_1_262' title='bbox 862 2979 1011 3050; x_wconf 84' lang='lat' dir='ltr'><strong>possimus,</strong></span> <span class='ocrx_word' id='word_1_263' title='bbox 1038 2985 1097 3040; x_wconf 85' lang='lat' dir='ltr'><strong>fieri</strong></span> 
     </span>
     <span class='ocr_line' id='line_1_28' title="bbox 60 3065 1096 3140; baseline 0.004 -20"><span class='ocrx_word' id='word_1_264' title='bbox 60 3075 151 3136; x_wconf 87' lang='lat' dir='ltr'><strong>potest,</strong></span> <span class='ocrx_word' id='word_1_265' title='bbox 176 3075 207 3124; x_wconf 89' lang='lat' dir='ltr'><strong>ut</strong></span> <span class='ocrx_word' id='word_1_266' title='bbox 231 3085 281 3136; x_wconf 86' lang='lat' dir='ltr'><strong>pro</strong></span> <span class='ocrx_word' id='word_1_267' title='bbox 297 3068 321 3118; x_wconf 84' lang='lat' dir='ltr'><strong>is</strong></span> <span class='ocrx_word' id='word_1_268' title='bbox 338 3071 452 3135; x_wconf 82' lang='lat' dir='ltr'><strong>ponatur·</strong></span> <span class='ocrx_word' id='word_1_269' title='bbox 468 3067 525 3130; x_wconf 73' lang='lat' dir='ltr'><strong>tie,</strong></span> <span class='ocrx_word' id='word_1_270' title='bbox 548 3065 658 3132; x_wconf 75' lang='lat' dir='ltr'><strong>itique</strong></span> <span class='ocrx_word' id='word_1_271' title='bbox 649 3065 780 3132; x_wconf 73' lang='lat' dir='ltr'><strong>imprimis</strong></span> <span class='ocrx_word' id='word_1_272' title='bbox 803 3065 831 3118; x_wconf 89' lang='lat' dir='ltr'><strong>iu</strong></span> <span class='ocrx_word' id='word_1_273' title='bbox 855 3083 899 3118; x_wconf 88' lang='lat' dir='ltr'><strong>eos</strong></span> <span class='ocrx_word' id='word_1_274' title='bbox 927 3067 999 3119; x_wconf 90' lang='lat' dir='ltr'><strong>locos</strong></span> <span class='ocrx_word' id='word_1_275' title='bbox 1015 3065 1096 3140; x_wconf 72' lang='lat' dir='ltr'><strong>cudit,</strong></span> 
     </span>
     <span class='ocr_line' id='line_1_29' title="bbox 61 3151 1098 3220; baseline 0.007 -16"><span class='ocrx_word' id='word_1_276' title='bbox 61 3155 101 3205; x_wconf 88' lang='lat' dir='ltr'><strong>ubi</strong></span> <span class='ocrx_word' id='word_1_277' title='bbox 115 3156 256 3210; x_wconf 79' lang='lat' dir='ltr'><strong>relativum</strong></span> <span class='ocrx_word' id='word_1_278' title='bbox 273 3171 334 3206; x_wconf 90' lang='lat' dir='ltr'><strong>cum</strong></span> <span class='ocrx_word' id='word_1_279' title='bbox 351 3153 492 3208; x_wconf 80' lang='lat' dir='ltr'><strong>demonstr.</strong></span> <span class='ocrx_word' id='word_1_280' title='bbox 514 3152 682 3206; x_wconf 85' lang='lat' dir='ltr'><strong>coniunctum</strong></span> <span class='ocrx_word' id='word_1_281' title='bbox 698 3151 835 3218; x_wconf 84' lang='lat' dir='ltr'><strong>reperitur.</strong></span> <span class='ocrx_word' id='word_1_282' title='bbox 872 3151 984 3220; x_wconf 83' lang='lat' dir='ltr'><strong>Saepius</strong></span> <span class='ocrx_word' id='word_1_283' title='bbox 1001 3157 1034 3208; x_wconf 83' lang='lat' dir='ltr'><strong>ud</strong></span> <span class='ocrx_word' id='word_1_284' title='bbox 1052 3160 1098 3211; x_wconf 88' lang='lat' dir='ltr'><strong>Ci-</strong></span> 
     </span>
     <span class='ocr_line' id='line_1_30' title="bbox 61 3234 1212 3312; baseline 0.007 -22"><span class='ocrx_word' id='word_1_285' title='bbox 61 3247 170 3295; x_wconf 84' lang='lat' dir='ltr'><strong>cerouem</strong></span> <span class='ocrx_word' id='word_1_286' title='bbox 186 3243 242 3295; x_wconf 85' lang='lat' dir='ltr'><strong>hoe</strong></span> <span class='ocrx_word' id='word_1_287' title='bbox 259 3241 361 3294; x_wconf 83' lang='lat' dir='ltr'><strong>notavit</strong></span> <span class='ocrx_word' id='word_1_288' title='bbox 379 3239 549 3304; x_wconf 85' lang='lat' dir='ltr'><strong>Goerennius‚</strong></span> <span class='ocrx_word' id='word_1_289' title='bbox 562 3256 642 3307; x_wconf 82' lang='lat' dir='ltr'><strong>quem</strong></span> <span class='ocrx_word' id='word_1_290' title='bbox 659 3256 685 3291; x_wconf 85' lang='lat' dir='ltr'><strong>v.</strong></span> <span class='ocrx_word' id='word_1_291' title='bbox 704 3239 739 3290; x_wconf 81' lang='lat' dir='ltr'><strong>etl</strong></span> <span class='ocrx_word' id='word_1_292' title='bbox 755 3239 903 3308; x_wconf 73' lang='lat' dir='ltr'><strong>Legg.1‚9‚</strong></span> <span class='ocrx_word' id='word_1_293' title='bbox 913 3239 1041 3312; x_wconf 42' lang='lat' dir='ltr'><strong>2734onc</strong></span> <span class='ocrx_word' id='word_1_294' title='bbox 1059 3248 1097 3298; x_wconf 91' lang='lat' dir='ltr'><strong>le-</strong></span> <span class='ocrx_word' id='word_1_295' title='bbox 1209 3234 1212 3242; x_wconf 47' lang='lat'>¹</span> 
     </span>
     <span class='ocr_line' id='line_1_31' title="bbox 61 3326 1095 3400; baseline 0 -20"><span class='ocrx_word' id='word_1_296' title='bbox 61 3344 111 3380; x_wconf 82' lang='lat' dir='ltr'><strong>cern</strong></span> <span class='ocrx_word' id='word_1_297' title='bbox 135 3330 200 3382; x_wconf 85' lang='lat' dir='ltr'><strong>satis</strong></span> <span class='ocrx_word' id='word_1_298' title='bbox 223 3329 252 3380; x_wconf 85' lang='lat' dir='ltr'><strong>iu</strong></span> <span class='ocrx_word' id='word_1_299' title='bbox 276 3329 434 3393; x_wconf 74' lang='lat' dir='ltr'><strong>tristioris,</strong></span> <span class='ocrx_word' id='word_1_300' title='bbox 458 3344 520 3397; x_wconf 79' lang='lat' dir='ltr'><strong>quos</strong></span> <span class='ocrx_word' id='word_1_301' title='bbox 543 3327 660 3398; x_wconf 82' lang='lat' dir='ltr'><strong>legistis,</strong></span> <span class='ocrx_word' id='word_1_302' title='bbox 684 3328 809 3394; x_wconf 73' lang='lat' dir='ltr'><strong>expressit</strong></span> <span class='ocrx_word' id='word_1_303' title='bbox 826 3326 920 3392; x_wconf 82' lang='lat' dir='ltr'><strong>Scipio.</strong></span> <span class='ocrx_word' id='word_1_304' title='bbox 945 3327 977 3392; x_wconf 77' lang='lat' dir='ltr'><strong>de</strong></span> <span class='ocrx_word' id='word_1_305' title='bbox 999 3329 1060 3398; x_wconf 71' lang='lat' dir='ltr'><strong>Dio,</strong></span> <span class='ocrx_word' id='word_1_306' title='bbox 1074 3335 1095 3400; x_wconf 84' lang='lat' dir='ltr'><strong>I,</strong></span> 
     </span>
     <span class='ocr_line' id='line_1_32' title="bbox 61 3411 1095 3484; baseline 0.006 -17"><span class='ocrx_word' id='word_1_307' title='bbox 61 3411 119 3476; x_wconf 68' lang='lat' dir='ltr'><strong>ti.</strong></span> <span class='ocrx_word' id='word_1_308' title='bbox 134 3424 164 3474; x_wconf 79' lang='lat' dir='ltr'><strong>ot</strong></span> <span class='ocrx_word' id='word_1_309' title='bbox 175 3416 292 3484; x_wconf 81' lang='lat' dir='ltr'><strong>fecimus</strong></span> <span class='ocrx_word' id='word_1_310' title='bbox 316 3415 344 3466; x_wconf 82' lang='lat' dir='ltr'><strong>iu</strong></span> <span class='ocrx_word' id='word_1_311' title='bbox 362 3415 414 3466; x_wconf 74' lang='lat' dir='ltr'><strong>tris</strong></span> <span class='ocrx_word' id='word_1_312' title='bbox 432 3415 514 3470; x_wconf 78' lang='lat' dir='ltr'><strong>tritos</strong></span> <span class='ocrx_word' id='word_1_313' title='bbox 534 3413 621 3480; x_wconf 78' lang='lat' dir='ltr'><strong>tibris,</strong></span> <span class='ocrx_word' id='word_1_314' title='bbox 647 3415 709 3482; x_wconf 78' lang='lat' dir='ltr'><strong>quos</strong></span> <span class='ocrx_word' id='word_1_315' title='bbox 727 3413 760 3464; x_wconf 75' lang='lat' dir='ltr'><strong>sle</strong></span> <span class='ocrx_word' id='word_1_316' title='bbox 776 3417 832 3463; x_wconf 82' lang='lat' dir='ltr'><strong>oct.</strong></span> <span class='ocrx_word' id='word_1_317' title='bbox 852 3411 923 3474; x_wconf 80' lang='lat' dir='ltr'><strong>deor.</strong></span> <span class='ocrx_word' id='word_1_318' title='bbox 940 3417 1095 3483; x_wconf 74' lang='lat' dir='ltr'><strong>scripsimus.</strong></span> 
     </span>
    </p>
   </div>
   <div class='ocr_carea' id='block_1_9' title="bbox 63 3495 1246 3576">
    <p class='ocr_par' dir='ltr' id='par_1_10' title="bbox 63 3495 1246 3576">
     <span class='ocr_line' id='line_1_33' title="bbox 63 3495 1246 3576; baseline 0.008 -24"><span class='ocrx_word' id='word_1_319' title='bbox 63 3499 188 3574; x_wconf 68' lang='lat' dir='ltr'><strong>udlaegg.</strong></span> <span class='ocrx_word' id='word_1_320' title='bbox 206 3503 243 3568; x_wconf 91' lang='lat' dir='ltr'><strong>Il,</strong></span> <span class='ocrx_word' id='word_1_321' title='bbox 262 3501 307 3568; x_wconf 88' lang='grc'><strong>12,</strong></span> <span class='ocrx_word' id='word_1_322' title='bbox 324 3501 368 3555; x_wconf 90' lang='grc'><strong>39.</strong></span> <span class='ocrx_word' id='word_1_323' title='bbox 397 3501 493 3556; x_wconf 76' lang='lat' dir='ltr'><strong>Aeudl.</strong></span> <span class='ocrx_word' id='word_1_324' title='bbox 511 3499 532 3564; x_wconf 95' lang='grc' dir='ltr'><strong>Ι,</strong></span> <span class='ocrx_word' id='word_1_325' title='bbox 550 3501 577 3565; x_wconf 88' lang='lat'><strong>4,</strong></span> <span class='ocrx_word' id='word_1_326' title='bbox 592 3499 639 3562; x_wconf 94' lang='grc' dir='ltr'><strong>Ι19.</strong></span> <span class='ocrx_word' id='word_1_327' title='bbox 663 3501 685 3562; x_wconf 90' lang='grc' dir='ltr'><strong>Ι,</strong></span> <span class='ocrx_word' id='word_1_328' title='bbox 698 3497 742 3562; x_wconf 89' lang='grc'><strong>19,</strong></span> <span class='ocrx_word' id='word_1_329' title='bbox 756 3495 799 3549; x_wconf 83' lang='grc'><strong>31.</strong></span> <span class='ocrx_word' id='word_1_330' title='bbox 818 3497 852 3560; x_wconf 91' lang='grc' dir='ltr'><strong>ΙΙ,</strong></span> <span class='ocrx_word' id='word_1_331' title='bbox 866 3496 912 3568; x_wconf 91' lang='grc'><strong>22,</strong></span> <span class='ocrx_word' id='word_1_332' title='bbox 923 3498 966 3553; x_wconf 77' lang='grc'><strong>79.</strong></span> <span class='ocrx_word' id='word_1_333' title='bbox 1001 3503 1097 3560; x_wconf 82' lang='lat' dir='ltr'><strong>Noster</strong></span> <span class='ocrx_word' id='word_1_334' title='bbox 1166 3557 1171 3576; x_wconf 68' lang='grc'><strong>,</strong></span> <span class='ocrx_word' id='word_1_335' title='bbox 1242 3521 1246 3530; x_wconf 92' lang='grc'><em>·</em></span> 
     </span>
    </p>
   </div>
   <div class='ocr_carea' id='block_1_10' title="bbox 52 3561 1201 4193">
    <p class='ocr_par' dir='ltr' id='par_1_11' title="bbox 52 3561 1201 4193">
     <span class='ocr_line' id='line_1_34' title="bbox 64 3561 1096 3658; baseline 0.001 -19"><span class='ocrx_word' id='word_1_336' title='bbox 64 3585 111 3640; x_wconf 81' lang='lat' dir='ltr'><strong>cst.</strong></span> <span class='ocrx_word' id='word_1_337' title='bbox 127 3591 158 3656; x_wconf 80' lang='lat' dir='ltr'><strong>V,</strong></span> <span class='ocrx_word' id='word_1_338' title='bbox 175 3590 205 3645; x_wconf 86' lang='lat'><strong>7.</strong></span> <span class='ocrx_word' id='word_1_339' title='bbox 232 3589 274 3644; x_wconf 77' lang='grc' dir='ltr'><strong>Ιιίι</strong></span> <span class='ocrx_word' id='word_1_340' title='bbox 292 3589 406 3652; x_wconf 79' lang='lat' dir='ltr'><strong>artibus,</strong></span> <span class='ocrx_word' id='word_1_341' title='bbox 426 3607 499 3658; x_wconf 77' lang='lat' dir='ltr'><strong>quas.</strong></span> <span class='ocrx_word' id='word_1_342' title='bbox 523 3589 557 3655; x_wconf 90' lang='lat' dir='ltr'><strong>X,</strong></span> <span class='ocrx_word' id='word_1_343' title='bbox 573 3587 599 3640; x_wconf 95' lang='grc'><strong>2.</strong></span> <span class='ocrx_word' id='word_1_344' title='bbox 619 3585 691 3648; x_wconf 79' lang='grc' dir='ltr'><strong>ΧΙΙΙ,</strong></span> <span class='ocrx_word' id='word_1_345' title='bbox 705 3583 730 3646; x_wconf 81' lang='lat' dir='ltr'><strong>l,</strong></span> <span class='ocrx_word' id='word_1_346' title='bbox 749 3583 809 3646; x_wconf 91' lang='lat' dir='ltr'><strong>XX,</strong></span> <span class='ocrx_word' id='word_1_347' title='bbox 823 3582 857 3640; x_wconf 89' lang='lat'><strong>7.</strong></span> <span class='ocrx_word' id='word_1_348' title='bbox 869 3585 955 3651; x_wconf 90' lang='lat' dir='ltr'><strong>XXll,</strong></span> <span class='ocrx_word' id='word_1_349' title='bbox 969 3561 994 3642; x_wconf 89' lang='grc'><strong>3.</strong></span> <span class='ocrx_word' id='word_1_350' title='bbox 1013 3593 1055 3658; x_wconf 87' lang='lat' dir='ltr'><strong>Ll</strong></span> <span class='ocrx_word' id='word_1_351' title='bbox 1069 3593 1096 3650; x_wconf 78' lang='grc' dir='ltr'>Β</span> 
     </span>
     <span class='ocr_line' id='line_1_35' title="bbox 52 3671 1097 3778; baseline 0.001 -53"><span class='ocrx_word' id='word_1_352' title='bbox 52 3671 143 3742; x_wconf 70' lang='lat' dir='ltr'><strong>leque</strong></span> <span class='ocrx_word' id='word_1_353' title='bbox 161 3681 188 3729; x_wconf 90' lang='lat' dir='ltr'><strong>te</strong></span> <span class='ocrx_word' id='word_1_354' title='bbox 205 3674 353 3745; x_wconf 86' lang='lat' dir='ltr'><strong>poenitebit</strong></span> <span class='ocrx_word' id='word_1_355' title='bbox 370 3676 532 3734; x_wconf 82' lang='lat' dir='ltr'><strong>cousuluisse</strong></span> <span class='ocrx_word' id='word_1_356' title='bbox 549 3675 746 3742; x_wconf 81' lang='lat' dir='ltr'><strong>Heusingeoum</strong></span> <span class='ocrx_word' id='word_1_357' title='bbox 769 3672 804 3723; x_wconf 87' lang='lat' dir='ltr'><strong>ed</strong></span> <span class='ocrx_word' id='word_1_358' title='bbox 829 3671 884 3726; x_wconf 85' lang='lat' dir='ltr'><strong>Cic.</strong></span> <span class='ocrx_word' id='word_1_359' title='bbox 909 3672 1041 3741; x_wconf 63' lang='lat' dir='ltr'><strong>ortu..</strong></span> <span class='ocrx_word' id='word_1_360' title='bbox 1023 3679 1040 3710; x_wconf 78' lang='lat'><strong>⁹</strong></span> <span class='ocrx_word' id='word_1_361' title='bbox 1041 3681 1097 3778; x_wconf 83' lang='lat'><strong>‚6</strong></span> 
     </span>
     <span class='ocr_line' id='line_1_36' title="bbox 66 3740 1201 3841; baseline 0.01 -32"><span class='ocrx_word' id='word_1_362' title='bbox 66 3759 117 3813; x_wconf 84' lang='lat' dir='ltr'><strong>Gar.</strong></span> <span class='ocrx_word' id='word_1_363' title='bbox 133 3761 260 3841; x_wconf 77' lang='lat' dir='ltr'><strong>Beier,</strong></span> <span class='ocrx_word' id='word_1_364' title='bbox 243 3763 278 3816; x_wconf 79' lang='lat' dir='ltr'><strong>etl</strong></span> <span class='ocrx_word' id='word_1_365' title='bbox 294 3763 341 3827; x_wconf 89' lang='grc' dir='ltr'><strong>ΙΙΙ,</strong></span> <span class='ocrx_word' id='word_1_366' title='bbox 354 3763 385 3830; x_wconf 89' lang='grc'><strong>9,</strong></span> <span class='ocrx_word' id='word_1_367' title='bbox 401 3764 444 3818; x_wconf 88' lang='grc'><strong>28.</strong></span> <span class='ocrx_word' id='word_1_368' title='bbox 462 3761 602 3820; x_wconf 79' lang='lat' dir='ltr'><strong>Bromium</strong></span> <span class='ocrx_word' id='word_1_369' title='bbox 620 3761 653 3812; x_wconf 77' lang='lat' dir='ltr'><strong>erl</strong></span> <span class='ocrx_word' id='word_1_370' title='bbox 671 3759 774 3814; x_wconf 74' lang='lat' dir='ltr'><strong>(lornei.</strong></span> <span class='ocrx_word' id='word_1_371' title='bbox 792 3758 858 3827; x_wconf 88' lang='lat' dir='ltr'><strong>Nep.</strong></span> <span class='ocrx_word' id='word_1_372' title='bbox 876 3755 975 3820; x_wconf 78' lang='lat' dir='ltr'><strong>Praei..</strong></span> <span class='ocrx_word' id='word_1_373' title='bbox 983 3769 1007 3830; x_wconf 91' lang='grc'>6</span> <span class='ocrx_word' id='word_1_374' title='bbox 1023 3766 1048 3816; x_wconf 87' lang='grc'><strong>2.</strong></span> <span class='ocrx_word' id='word_1_375' title='bbox 1065 3740 1097 3821; x_wconf 87' lang='lat' dir='ltr'><strong>ct</strong></span> <span class='ocrx_word' id='word_1_376' title='bbox 1123 3803 1128 3813; x_wconf 66' lang='lat'>=</span> <span class='ocrx_word' id='word_1_377' title='bbox 1196 3785 1201 3788; x_wconf 87' lang='lat'>·</span> 
     </span>
     <span class='ocr_line' id='line_1_37' title="bbox 64 3844 1098 3934; baseline 0.008 -38"><span class='ocrx_word' id='word_1_378' title='bbox 64 3844 219 3918; x_wconf 82' lang='lat' dir='ltr'><strong>Hemogiuur</strong></span> <span class='ocrx_word' id='word_1_379' title='bbox 236 3851 272 3902; x_wconf 83' lang='lat' dir='ltr'><strong>ud</strong></span> <span class='ocrx_word' id='word_1_380' title='bbox 289 3847 367 3903; x_wconf 82' lang='lat' dir='ltr'><strong>Catil.</strong></span> <span class='ocrx_word' id='word_1_381' title='bbox 386 3849 465 3934; x_wconf 86' lang='lat' dir='ltr'><strong>Xlll</strong></span> <span class='ocrx_word' id='word_1_382' title='bbox 470 3849 510 3913; x_wconf 93' lang='grc'><strong>1.,</strong></span> <span class='ocrx_word' id='word_1_383' title='bbox 529 3847 575 3916; x_wconf 88' lang='lat' dir='ltr'><strong>qui</strong></span> <span class='ocrx_word' id='word_1_384' title='bbox 579 3845 667 3900; x_wconf 81' lang='lat' dir='ltr'><strong>houd</strong></span> <span class='ocrx_word' id='word_1_385' title='bbox 684 3847 756 3900; x_wconf 89' lang='lat' dir='ltr'><strong>mele</strong></span> <span class='ocrx_word' id='word_1_386' title='bbox 780 3847 821 3898; x_wconf 80' lang='lat' dir='ltr'><strong>hic</strong></span> <span class='ocrx_word' id='word_1_387' title='bbox 837 3852 1016 3916; x_wconf 79' lang='lat' dir='ltr'><strong>concretae,&#39;</strong></span> <span class='ocrx_word' id='word_1_388' title='bbox 1005 3869 1041 3906; x_wconf 77' lang='grc' dir='ltr'><strong>ιι</strong></span> <span class='ocrx_word' id='word_1_389' title='bbox 1049 3853 1098 3904; x_wconf 84' lang='lat' dir='ltr'><strong>ab·</strong></span> 
     </span>
     <span class='ocr_line' id='line_1_38' title="bbox 65 3931 1098 4006; baseline 0.006 -22"><span class='ocrx_word' id='word_1_390' title='bbox 65 3937 167 3990; x_wconf 71' lang='lat' dir='ltr'><strong>stortae</strong></span> <span class='ocrx_word' id='word_1_391' title='bbox 182 3934 321 4004; x_wconf 72' lang='lat' dir='ltr'><strong>potestatis</strong></span> <span class='ocrx_word' id='word_1_392' title='bbox 336 3953 391 3988; x_wconf 87' lang='lat' dir='ltr'><strong>esse</strong></span> <span class='ocrx_word' id='word_1_393' title='bbox 408 3935 533 3990; x_wconf 74' lang='lat' dir='ltr'><strong>nictu-</strong></span> <span class='ocrx_word' id='word_1_394' title='bbox 557 3933 648 4000; x_wconf 80' lang='lat' dir='ltr'><strong>Artes,</strong></span> <span class='ocrx_word' id='word_1_395' title='bbox 665 3934 827 3988; x_wconf 80' lang='lat' dir='ltr'><strong>vocabulum</strong></span> <span class='ocrx_word' id='word_1_396' title='bbox 844 3931 971 4006; x_wconf 74' lang='lat' dir='ltr'><strong>Sallustio</strong></span> <span class='ocrx_word' id='word_1_397' title='bbox 988 3937 1098 4000; x_wconf 73' lang='lat' dir='ltr'><strong>elemu-</strong></span> 
     </span>
     <span class='ocr_line' id='line_1_39' title="bbox 65 4009 1098 4090; baseline 0.008 -20"><span class='ocrx_word' id='word_1_398' title='bbox 65 4022 128 4088; x_wconf 88' lang='lat' dir='ltr'><strong>tum,</strong></span> <span class='ocrx_word' id='word_1_399' title='bbox 144 4023 213 4076; x_wconf 80' lang='lat' dir='ltr'><strong>hene</strong></span> <span class='ocrx_word' id='word_1_400' title='bbox 231 4021 339 4075; x_wconf 81' lang='lat' dir='ltr'><strong>Cottius</strong></span> <span class='ocrx_word' id='word_1_401' title='bbox 356 4021 470 4090; x_wconf 84' lang='lat' dir='ltr'><strong>explicet</strong></span> <span class='ocrx_word' id='word_1_402' title='bbox 485 4021 591 4089; x_wconf 71' lang='lat' dir='ltr'><strong>studio,</strong></span> <span class='ocrx_word' id='word_1_403' title='bbox 608 4039 708 4088; x_wconf 80' lang='lat' dir='ltr'><strong>mores,</strong></span> <span class='ocrx_word' id='word_1_404' title='bbox 725 4027 752 4073; x_wconf 89' lang='lat' dir='ltr'><strong>et</strong></span> <span class='ocrx_word' id='word_1_405' title='bbox 768 4019 884 4088; x_wconf 89' lang='lat' dir='ltr'><strong>proinde</strong></span> <span class='ocrx_word' id='word_1_406' title='bbox 893 4009 979 4072; x_wconf 89' lang='lat' dir='ltr'><strong>modo</strong></span> <span class='ocrx_word' id='word_1_407' title='bbox 989 4023 1098 4078; x_wconf 81' lang='lat' dir='ltr'><strong>virtutes</strong></span> 
     </span>
     <span class='ocr_line' id='line_1_40' title="bbox 66 4099 1099 4193; baseline 0.007 -35"><span class='ocrx_word' id='word_1_408' title='bbox 66 4107 134 4162; x_wconf 87' lang='lat' dir='ltr'><strong>uolo</strong></span> <span class='ocrx_word' id='word_1_409' title='bbox 151 4109 233 4176; x_wconf 82' lang='lat' dir='ltr'><strong>uitio,</strong></span> <span class='ocrx_word' id='word_1_410' title='bbox 257 4109 320 4172; x_wconf 83' lang='lat' dir='ltr'><strong>coll.</strong></span> <span class='ocrx_word' id='word_1_411' title='bbox 338 4107 409 4176; x_wconf 78' lang='lat' dir='ltr'><strong>iulm</strong></span> <span class='ocrx_word' id='word_1_412' title='bbox 424 4113 450 4184; x_wconf 76' lang='lat'><strong>6,</strong></span> <span class='ocrx_word' id='word_1_413' title='bbox 463 4107 489 4174; x_wconf 85' lang='grc'><strong>9,</strong></span> <span class='ocrx_word' id='word_1_414' title='bbox 507 4109 556 4176; x_wconf 89' lang='lat' dir='ltr'><strong>lll,</strong></span> <span class='ocrx_word' id='word_1_415' title='bbox 574 4109 600 4173; x_wconf 81' lang='lat' dir='ltr'><strong>t,</strong></span> <span class='ocrx_word' id='word_1_416' title='bbox 619 4110 650 4175; x_wconf 84' lang='lat' dir='ltr'><strong>V,</strong></span> <span class='ocrx_word' id='word_1_417' title='bbox 661 4108 689 4168; x_wconf 77' lang='lat'><strong>7,</strong></span> <span class='ocrx_word' id='word_1_418' title='bbox 713 4103 840 4170; x_wconf 70' lang='lat' dir='ltr'><strong>Relicuos</strong></span> <span class='ocrx_word' id='word_1_419' title='bbox 858 4101 931 4166; x_wconf 76' lang='lat' dir='ltr'><strong>locos</strong></span> <span class='ocrx_word' id='word_1_420' title='bbox 942 4099 1099 4193; x_wconf 70' lang='lat' dir='ltr'><strong>suppedite-</strong></span> 
     </span>
    </p>
   </div>
   <div class='ocr_carea' id='block_1_11' title="bbox 0 0 1384 4830">
    <p class='ocr_par' dir='ltr' id='par_1_12' title="bbox 0 0 1384 4830">
     <span class='ocr_line' id='line_1_41' title="bbox 0 0 1384 4830; baseline 0 0"><span class='ocrx_word' id='word_1_421' title='bbox 0 0 1384 4830; x_wconf 95' lang='lat' dir='ltr'><strong> </strong></span> 
     </span>
    </p>
   </div>
  </div>
 </body>
</html>
