2762 4824
316 271 448 336 uenum
472 275 520 338 nc
546 275 752 342 vnnoonuu
1030 283 1070 350 11
1157 373 1159 376 v

45 434 513 500 momumentimneumdemtmn
523 439 678 498 diversuma
696 449 744 511 qui,
757 443 789 500 G.
802 450 845 510 tl,
858 450 883 500 5.
1013 487 1015 496 ι

45 519 93 572 Quis
105 521 205 585 antique
217 517 261 588 pro
274 524 371 586 quitus,
392 524 411 576 l.
432 523 457 588 7,
469 527 494 579 6.
532 527 573 590 13,
587 529 611 582 6.
641 532 685 594 25,
698 533 723 584 4.
759 531 840 596 31,4.
875 533 917 598 66,
930 537 956 587 4.
992 535 1035 601 86,
1045 537 1069 592 3.

72 601 150 664 86,’5.
187 604 316 668 1611-ι
903 627 905 638 ¹

44 703 160 765 Quisquam
171 706 221 757 vim
231 709 385 761 indefinitam
397 711 483 773 hahet,
502 709 533 764 Q.
547 714 590 778 52,
604 716 645 766 11.

45 787 162 850 uuquam
179 791 502 859 necessitatesque.
517 799 595 862 sos.
742 789 743 796 ’

45 871 162 935 Quisquam
174 875 301 928 diversum
313 881 446 944 aquisque,
461 878 492 935 (7.
508 885 533 952 5,
546 884 571 936 3.

46 956 163 1019 Quisquam
175 961 303 1013 confusum
317 979 372 1015 curn
385 969 509 1031 quispiam,
521 968 541 1020 Ι.
554 971 597 1032 15,
610 971 635 1024 2.

44 1040 135 1104 Quisque
145 1048 297 1111 pronominis
314 1050 474 1116 propriario,
493 1049 524 1106 0.
539 1055 563 1116 5,
577 1055 602 1106 3.
675 1117 682 1125 ό

44 1125 135 1190 Quisque
147 1132 307 1200 ethuisquum
319 1134 433 1198 confusa,
453 1132 483 1188 0.
498 1140 524 1200 5,
542 1137 567 1190 3.

44 1209 136 1274 Quisque
146 1221 173 1264 et
185 1217 269 1280 quippe
281 1218 394 1281 confusa,
412 1218 431 1269 l.
446 1209 470 1284 1,
483 1224 509 1273 1.

43 1291 134 1357 Quisque
146 1304 172 1348 et
184 1302 311 1364 quicunque
323 1302 437 1366 confusa,
458 1301 488 1358 G.
503 1307 545 1370 33,
558 1308 582 1360 6.

41 1376 132 1441 Quisque
150 1378 342 1444 duoueiov'iiuc
354 1388 473 1442 ablativis
480 1391 609 1451 obuolutis
622 1395 803 1462 interpositum,
817 1397 835 1448 l.
851 1397 892 1460 18,
906 1397 930 1449 3.

36 1460 134 1527 ,Quisque
143 1468 237 1534 plurali
249 1473 412 1538 oppositionis
425 1475 451 1524 vi
464 1476 584 1539 additum,
602 1477 622 1528 Ι.
636 1478 660 1541 1,
673 1480 698 1529 l.
1084 1507 1088 1513 ·

42 1547 133 1612 Quisque
143 1552 186 1604 ubi
197 1555 321 1622 pluralem
332 1559 404 1610 verli
416 1559 465 1612 silei
477 1561 614 1626 adiungere
626 1565 715 1629 possit,
734 1559 765 1617 0.
780 1564 805 1626 6,
822 1552 848 1618 2.
874 1563 910 1626 ’7,
924 1564 947 1616 1.
985 1564 1033 1637 37,ι
1041 1566 1066 1616 6.

103 1634 183 1698 43,1.
1085 1651 1091 1658 “
1146 1651 1148 1655 ’

42 1733 133 1798 Quisque
144 1727 297 1807 non'ubique
309 1745 431 1810 pluralem
444 1745 516 1795 verbi
528 1747 644 1811 requirit,
659 1745 686 1800 C,
701 1747 743 1809 37,
757 1747 781 1799 6.
818 1747 837 1799 l.
853 1747 895 1810 75,
909 1751 933 1800 5.
1035 1773 1038 1778 ·

43 1816 84 1871 Quo
104 1821 130 1871 in
146 1823 261 1886 generali
284 1829 408 1879 relatione
432 1844 480 1878 non
503 1831 535 1881 ad
556 1846 646 1895 uomeu,
667 1831 713 1882 sed
731 1833 763 1884 ad
782 1839 858 1884 totam
870 1833 1071 1886 enunciationem

99 1909 289 1974 praecedentem
301 1913 420 1974 relertur,
437 1911 457 1964 l.
469 1913 527 1976 162,
542 1913 582 1969 16.
1080 1921 1082 1928 '

43 2004 85 2058 Quo
97 2007 113 2058 i.
127 2023 150 2074 q.
164 2017 193 2062 ut
205 2029 287 2076 eure,
307 2012 335 2066 C.
349 2014 391 2076 38,
405 2013 441 2086 3.

42 2088 84 2142 Quo
96 2100 153 2146 unte
166 2097 362 2164 comparativum
374 2115 422 2149 non
435 2101 506 2152 valet
515 2109 647 2166 prepterea,
667 2101 694 2154 C.
711 2103 735 2166 1,
747 2103 771 2156 3.
809 2101 851 2166 37,
863 2103 888 2154 δ’.

42 2171 84 2225 Quo
96 2193 142 2230 non
155 2188 240 2246 potest
250 2183 337 2234 valere
351 2186 470 2246 quonium,
488 2183 508 2236 l.
523 2185 565 2248 32,
579 2187 603 2238 5.

43 2255 84 2310 Quo
96 2277 143 2312 non
155 2265 284 2328 significat
295 2269 326 2318 cd
338 2271 409 2332 quod,
422 2267 441 2320 1.
457 2269 499 2331 64,
514 2259 542 2321 l.¹

42 2340 84 2394 Quo
95 2345 120 2396 in
129 2347 327 2415 interrogatione
339 2353 371 2405 ad
383 2354 503 2404 consilium
514 2362 621 2421 spectet,
634 2355 652 2407 l.
668 2355 710 2419 61,
724 2359 748 2408 1.

43 2425 84 2478 Quo
95 2446 138 2495 pro
151 2436 181 2484 ud
193 2447 250 2486 cum
262 2437 409 2489 accusativo
421 2439 455 2486 rei
466 2446 511 2489 aut
520 2455 643 2504 personae,
655 2439 674 2493 1.
689 2441 732 2504 66,
743 2441 770 2494 2.

42 2509 84 2563 Quo
95 2522 121 2565 et
132 2522 192 2579 quod
204 2520 320 2584 confimo,
338 2521 357 2573 Ι.
371 2521 415 2583 22,
429 2521 455 2574 3.
492 2523 535 2586 31,
550 2523 590 2576 17.
628 2522 670 2587 75,
684 2522 708 2576 7.

42 2594 83 2648 Quo
92 2606 118 2649 et
129 2616 174 2663 que
186 2605 302 2668 confirsa,
319 2604 339 2657 l.
347 2606 396 2668 16,
410 2602 434 2657 7.

42 2677 100 2734 Quod
111 2699 164 2736 cum
181 2689 426 2756 plusquamperfecto
439 2693 571 2746 indicativi
591 2695 710 2760 quomodo
729 2694 830 2747 differat
847 2710 862 2746 a
881 2695 992 2762 perlecto
1010 2711 1071 2748 eon·

100 2767 214 2836 iunctivi,
235 2772 263 2824 C.
277 2773 318 2848 13,
332 2774 356 2826 3.
392 2774 508 2839 1.39,1.
770 2786 774 2789 ’

43 2862 101 2917 Quod
111 2872 216 2924 relatum
226 2874 262 2924 ad
274 2889 450 2940 praegressum
462 2892 488 2926 eo
501 2891 555 2928 oum
569 2881 746 2944 comparativo,
764 2879 784 2930 l.
796 2879 839 2939 31,
856 2878 894 2930 17.

41 2946 99 3001 Quoi
110 2958 227 3020 quomodo
241 2955 338 3007 differet
350 2972 365 3006 a
378 2959 441 3018 quie,
453 2958 473 3009 1.
483 2958 527 3020 86,
540 2960 567 3008 6.
603 2959 645 3024 97,
659 2961 683 3011 5.
721 2959 782 3022 tou,
794 2960 819 3014 7.

43 3029 123 3086 Quodsi
134 3030 285 3092 coniunctim
297 3039 465 3105 scribendum,
484 3041 513 3092 C.
527 3042 569 3105 18,
580 3043 608 3094 8.

45 3115 104 3169 Quod
114 3136 159 3172 nou
171 3126 265 3176 dictum
276 3139 320 3191 pro
334 3126 397 3189 quies,
411 3121 449 3182 ,0.
461 3126 505 3189 46,
518 3128 544 3180 4.

42 3197 121 3253 Quodsi
133 3210 285 3262 coniunctim
298 3210 466 3274 scribendum,
479 3209 508 3263 G.
519 3211 546 3275 2,
559 3211 585 3264 3.

42 3282 186 3343 Quedutiocm
197 3295 269 3346 vocis
282 3294 361 3346 forma
373 3301 400 3345 et
411 3302 533 3360 potestas,
552 3295 580 3348 Q.
593 3295 620 3360 2,
632 3297 658 3352 2.
694 3296 713 3350 l.
729 3297 771 3360 tt,
783 3297 826 3352 21.

41 3365 145 3430 Olenium
157 3393 272 3430 memsam
283 3379 387 3442 indicat,
397 3381 423 3431 in
434 3381 510 3432 relus
522 3381 597 3434 iactis
609 3384 724 3449 positum,
743 3382 773 3435 C.
785 3381 827 3446 37,
841 3382 866 3436 3.
879 3427 888 3455 .·
902 3384 920 3436 l.
933 3382 963 3446 3,
975 3383 998 3436 1.
1026 3381 1068 3446 31,
1142 3419 1146 3426 -

99 3457 142 3509 21.
178 3461 221 3527 32,
236 3464 260 3514 5.
606 3497 609 3511 ι

41 3550 147 3609 Quooiceu
158 3569 185 3614 et
199 3567 291 3627 quoodo
303 3563 417 3627 confusa,
428 3564 448 3616 l.
463 3563 522 3628 162,
534 3565 559 3617 Q.
642 3579 644 3586 ’

41 3635 129 3704 Quoque
141 3637 232 3700 dictum
243 3665 288 3717 pro
301 3656 322 3700 et
334 3664 388 3713 quo,
402 3647 430 3700 C.
443 3648 486 3712 23,
499 3651 525 3702 4.
1035 3701 1036 3704 .

41 3719 140 3778 Quotidie
150 3732 231 3784 tainus
244 3735 372 3799 antiquum
385 3735 560 3799 maeotidis,
574 3731 602 3786 6.
616 3734 696 3798 tue,
731 3735 774 3800 13,
786 3737 812 3792 2.
843 3737 958 3802 1.45,2.
989 3735 1068 3800 91,1.

40 3803 108 3859 Quum
119 3828 163 3880 pro
175 3831 245 3879 quum
255 3825 339 3881 tomen,
359 3816 386 3870 C.
400 3817 442 3879 35,
456 3815 481 3868 3.

40 3887 109 3943 Quum
119 3911 163 3962 pro
176 3915 323 3967 quemquem,
342 3901 369 3954 (2.
384 3901 464 3962 36,1.
500 3900 520 3952 l.
534 3901 559 3965 6,
574 3905 598 3955 1.

41 3971 110 4027 Quum
117 3987 251 4043 umentes
261 3989 439 4053 pertinum
451 3999 513 4038 usne
525 3993 552 4038 ct
562 3994 683 4055 potestas,
703 3989 730 4042 C.
745 3989 842 4052 51,16.
902 4015 903 4018 ¹
1000 4011 1002 4020 ⁴

42 4056 110 4111 011111
122 4077 177 4117 eum
189 4067 325 4122 indicativo
338 4072 496 4126 coniunctum
508 4087 614 4124 cessem
622 4085 671 4126 aon
683 4075 818 4139 significat,
837 4071 857 4128 1.
872 4072 930 4135 162,
942 4075 967 4126 5.
