2748 4836
237 314 528 399 ³cunamen.
562 280 803 392 earxxrvr.
955 363 958 384 2
994 333 1058 396 rau
1094 298 1103 310 “’

33 498 214 586 provinciae
248 496 473 590 perpulerat,
497 517 541 566 ne
567 505 683 567 contra
702 497 954 593 'rempublicam
979 527 1057 574 seu-

30 633 108 714 dret3
133 635 263 705 circum
295 657 330 706 se
354 633 523 727 praesidia
548 635 737 706 amicornm
760 642 861 726 atqtre
887 618 1057 710 clientium
1196 731 1199 738 μ

32 772 335 842 οιιιιιΙιιιίΙιιΙιιιΙιιι.
387 771 681 862 Postquam-dies
716 773 930 844 comitiorum
955 778 1092 862 veuit,5
1206 781 1211 794 ¹

33 918 57 972 et
94 908 260 978 Catilinae
308 927 434 998 neque:
458 909 577 1000 petitio
591 932 736 998 a.aerpsre
777 911 949 999 insidiae,·
973 937 1057 1002 quas
1158 973 1159 976 ,

32 1043 155 1114 Cousuli
191 1047 226 1114 in
258 1069 382 1138 campe
415 1045 560 1132 fecerat,
592 1017 757 1138 prospere
790 1070 936 1135 cessere,
972 1073 1057 1120 cun-

31 1181 117 1250 stitnit
158 1183 292 1252 bellum
333 1185 448 1288 iacere
483 1193 516 1251 et
555 1175 712 1260 extrema,
729 1184 859 1252 'omnia
903 1189 1084 1280 experiri,

31 1321 173 1404 quoniam
211 1343 302 1411 quae
319 1405 320 1408 Ἴ
336 1285 472 1392 occulte
510 1329 708 1392 tentaverat
735 1345 856 1422 aspera
886 1325 1077 1426 foedaque¹
1122 1371 1124 1376 ·

32 1467 206 1528 evenerant.

87 1697 110 1758 ἕ.
127 1693 154 1748 3.
191 1696 276 1748 mette
295 1689 440 1767 pollicendo
462 1707 511 1763 per
535 1689 675 1764 Fuluiam]
699 1690 899 1773 ¹itesoeevirnus
921 1692 1058 1767 antiquans

30 1777 265 1852 interpunctionem,
289 1799 343 1850 que
367 1789 498 1836 commuta
520 1787 579 1851 post
600 1785 721 1836 Fulviam
744 1783 922 1854 distinguitur.
949 1779 1058 1842 Parum
1095 1776 1096 1785 ¹
1118 1843 1119 1846 ,

32 1869 135 1922 consulto
151 1869 290 1938 Bipontini
313 1869 485 1940 scripserant:
507 1863 591 1922 multa
606 1871 774 1939 pollicendo,¹
785 1887 835 1941 per
851 1871 881 1924 F.
895 1876 963 1936 ete,
987 1873 1059 1940 quoti

31 1960 155 2020 propterea
172 1955 252 2008 valde
269 1955 387 2018 offendit,
404 1955 467 2022 qnia
481 1956 598 2024 polliceri
614 1946 694 2010 nimis
710 1959 779 2010 uude
794 1958 911 2026 positam
927 1975 979 2011 nun
995 1958 1060 2025 satis

31 2041 154 2094 commode
171 2041 342 2112 intelligitur,
360 2057 411 2108 quo
428 2041 565 2110 pertineat.
578 2064 614 2081 »⁶-
640 2045 764 2096 Pncts'une
779 2045 935 2113 provinciae.
963 2044 1058 2102 (liceto

31 2126 90 2178 euim
106 2127 306 2193 Macedoniam,
328 2125 468 2180 meliorem
484 2128 664 2196 provinciam,
686 2129 844 2183 Antonio
822 2147 879 2184 saue
901 2135 973 2188 sorte
995 2146 1059 2184 cou-
1112 2167 1113 2170 =

31 2213 109 2279 cessit,
132 2213 193 2284 ipse
218 2213 335 2268 Galliam
358 2215 410 2269 stoi
433 2214 557 2284 sumpsit,
581 2231 662 2282 quam
685 2219 774 2268 temen
798 2205 861 2268 mox
884 2214 915 2268 in
936 2217 1060 2277 counione

30 2299 145 2366 deposuit,
155 2301 222 2356 ut
212 2319 271 2369 ipse
287 2305 398 2356 testatur
414 2302 559 2356 oratione
550 2320 579 2355 ιιι
595 2303 648 2356 Ρὶι.
663 2301 756 2367 c..2,5
774 2307 800 2356 et
816 2301 885 2371 Epp.
904 2295 939 2358 ad
954 2305 1060 2360 Forum.

29 2385 89 2450 V,2.
105 2394 168 2442 ente
184 2389 253 2440 med
270 2387 404 2442 Plutarch
425 2389 480 2442 Cic.
496 2406 520 2444 c.
537 2387 581 2441 12.
600 2391 684 2444 Corsa.
766 2395 771 2405 ¹
960 2420 962 2428 ι

88 2478 112 2540 §
128 2471 191 2528 ⁵
194 2491 259 2544 quus
277 2476 381 2528 caena
391 2477 512 2544 fecerat]
540 2475 570 2528 ln
586 2474 722 2542 perrnultie
744 2476 830 2534 codd
842 2479 882 2532 est
899 2477 1058 2543 conmittis,

30 2560 88 2625 quod
111 2561 217 2614 Curtius
240 2561 354 2628 recepit,
377 2561 483 2616 relicms
507 2561 651 2615 editoribus
673 2563 730 2616 tere
752 2565 873 2618 omnibus
897 2557 1061 2634 singularem

30 2648 160 2705 tuentibus.
195 2647 249 2714 Qui
265 2647 396 2716 pluralem
413 2650 540 2716 probant,
566 2647 724 2701 Sallustium
745 2655 840 2720 putent
862 2653 1007 2719 respexisse
1024 2655 1061 2708 ad

30 2733 152 2787 ticerenis
170 2735 365 2803 testimonium,
382 2733 428 2805 qni
446 2739 513 2798 oret.
537 2735 565 2787 in
583 2735 660 2790 Gatil.
674 2736 696 2800 Ι,
709 2736 735 2801 5,
748 2737 792 2790 11.
817 2737 894 2803 diets,
918 2741 1061 2796 matrinam

30 2820 134 2874 comitiis
150 2823 333 2877 consularibus
349 2837 402 2874 uun
418 2823 497 2874 modo
512 2820 613 2890 ipsum,
631 2823 677 2876 sed
694 2811 775 2876 etlam
792 2824 975 2890 competitores
998 2841 1060 2880 sues

29 2905 168 2961 interlicere
190 2909 315 2962 soluisse.
357 2909 426 2972 Sed,
449 2915 479 2962 nt
501 2903 554 2961 huc
570 2915 663 2961 venam
688 2898 737 2975 sit,
760 2909 900 2962 Sallustius
917 2914 987 2962 certe
1001 2911 1061 2966 eina

27 2993 62 3046 rei
76 3014 127 3048 non
143 2994 283 3058 meminit,
300 3011 333 3048 ac
343 2996 384 3048 tle
400 2992 525 3048 Cicerone
540 2992 596 3048 solu
613 2993 744 3061 loquitur,
767 2996 837 3060 quod
860 3011 913 3046 nun
929 2997 1060 3050 medo-‘ex
1144 3019 1149 3037 ι

28 3080 100 3134 huius
116 3083 214 3150 capitis
231 3085 370 3148 contexta,
393 3083 438 3135 sed
462 3083 543 3136 etiam
568 3101 599 3135 ex
617 3099 675 3149 cap,
685 3082 797 3152 XXVII,
815 3081 842 3133 2.
865 3087 892 3136 at
908 3078 1020 3152 xxxii,
1032 3085 1059 3138 1.

27 3173 97 3232 patet
132 3169 276 3245 Praeterea
299 3168 482 3236 competitores
496 3187 549 3222 non
564 3171 644 3222 mode
661 3170 801 3236 Consules,
824 3169 870 3222 sed
885 3185 919 3222 ue
936 3169 1061 3241 disigneti
1095 3186 1100 3190 ·

28 3255 128 3319 quidem
152 3253 206 3308 dici
229 3261 366 3324 poterant,
393 3255 523 3324 siquidem
546 3263 606 3310 ante
628 3257 736 3310 comitia
758 3256 854 3310 habite
876 3258 990 3311 nondam
1014 3257 1061 3324 de,-
1124 3263 1125 3266 ’

28 3340 119 3410 signrati
135 3347 229 3395 eraut,
256 3342 404 3410 Quominus
428 3348 518 3406 autem
541 3345 670 3397 Antonias
691 3345 771 3398 simul
793 3361 854 3398 eam
872 3343 997 3398 Cicerone
1012 3343 1062 3397 vin·
1134 3347 1136 3352 “

28 3430 175 3499 telligatur,
194 3431 281 3484 obstat
297 3420 369 3500 qnod
385 3429 452 3493 Sall.
463 3421 587 3497 dixerat,
612 3431 888 3507 Catiliuemsperesse
903 3423 1061 3492 se'Autoaio

28 3532 55 3567 ex
69 3517 209 3570 uoluntate
223 3529 343 3570 usurum.
1158 3559 1160 3581 ,

90 3613 189 3674 aspere
215 3605 351 3674 seedepue
380 3605 536 3674 evenerum]
570 3592 712 3676 vulgaris
725 3604 793 3658 rotie
823 3621 914 3675 nepem
933 3607 1064 3676 susdeque
1087 3659 1097 3670 ,

26 3695 185 3758 postularet,
210 3691 301 3760 itaque
322 3691 440 3759 aliquos,
467 3691 670 3756 ιιίίιιιιιιίιιιὶιίιΙ
686 3691 777 3761 libris,
801 3692 935 3762 scripsisse
959 3695 1065 3748 contus

26 3781 98 3832 testie
110 3785 161 3834 est.
196 3777 248 3831 Sed
270 3779 316 3831 nbi
333 3780 446 3832 verbum
461 3779 501 3832 ita
517 3768 577 3836 cum
594 3779 756 3832 substantivo
772 3786 812 3833 est
828 3781 1009 3844 coniunctam,
1033 3779 1080 3832 ut·
1159 3843 1162 3848 .

26 3871 48 3917 et
64 3849 214 3918 subiectum
224 3867 364 3920 'vocabulo
382 3865 516 3935 apposito,
534 3872 560 3918 et
575 3861 757 3941 praedicatum
773 3865 900 3920 adverbio
916 3864 1064 3920 accuratius

26 3953 126 4008 deliniri
144 3949 244 4022 possit,
260 3951 350 4006 Latini
366 3952 511 4009 subtilitate
527 3953 640 4020 quadarn
658 3952 778 4014 dicendi,
801 3957 923 4006 suestre
938 3950 1066 4005 idiomate

26 4041 122 4107 aliena,
141 4037 303 4096 adiectivuru
320 4045 427 4106 ponunt,
441 4039 487 4092 abi
504 4055 536 4091 ex
549 4039 724 4096 recentiorum
739 4037 892 4107 linguarum
911 4055 960 4092 sisa
977 4036 1077 4118 potius·

26 4129 136 4183 rerbem
153 4121 282 4182 adverbio
296 4119 387 4182 addito
409 4125 513 4182 detiuiri
536 4128 610 4183 sole.
643 4121 811 4182 odenatum
833 4129 924 4180 eutem
946 4127 981 4182 ad
1003 4127 1067 4182 suh-
